2966 4824
690 383 738 430 DE
762 381 976 431 remunito

789 677 880 758 sn.

341 918 390 988 Et
407 913 580 1023 hactenus
600 915 747 1016 quidem
760 917 899 1016 singula
912 915 1369 1017 Parmenidisargumenta‚
1461 975 1462 1002 i

292 1051 473 1137 quantum
495 1038 571 1110 fieri
592 1040 729 1138 potuit,
759 1051 922 1114 aoourate
946 1035 1179 1140 distincteque
1199 1039 1369 1138 e'xposui-

292 1183 385 1233 mus.
436 1157 517 1231 Jom
548 1157 713 1256 deinceps
738 1185 883 1234 omnem
918 1158 996 1258 ejus
1026 1161 1368 1258 argumentationem

291 1279 655 1378 comprehendamus,
674 1295 733 1373 ut,
753 1283 834 1382 quis
851 1283 896 1354 sit
913 1305 1036 1354 sensus
1052 1279 1176 1378 ejuset
1195 1282 1368 1380 signifiea-

290 1403 361 1493 tio,
387 1427 481 1500 quae
505 1415 670 1476 veterum
692 1401 738 1476 de
762 1429 805 1476 eo
822 1402 970 1502 judicia,
986 1427 1245 1502 oognoeoamus.
1462 1379 1463 1402 Χ

338 1522 568 1596 Parmenides
584 1523 871 1597 oonsiderandam
888 1524 1069 1624 proposuit
1081 1525 1284 1614 veritatem,
1294 1549 1367 1622 pn-

290 1669 367 1716 ram
380 1644 492 1736 illam,
510 1643 610 1718 nullo
630 1647 729 1738 fuoo,
747 1647 854 1720 nulli
865 1669 1037 1719 sensuum
1047 1646 1238 1744 pigmentis
1247 1645 1365 1718 defor-

289 1781 443 1858 matam,
458 1768 558 1839 omni
575 1770 712 1842 mortali
729 1769 952 1844 ooncretione
967 1765 1126 1840 liberam.
1152 1765 1294 1840 Verum
1310 1793 1367 1839 au·
1463 1755 1464 1758 ¹

288 1901 357 1962 tem
378 1891 516 1962 oensuit
537 1890 622 1964 illud
644 1891 741 1992 quod
765 1905 929 1964 oonstans
949 1915 1016 1964 nec
1031 1887 1174 1964 fluxum
1190 1889 1253 1982 sit,
1272 1887 1365 1990 quod

287 2013 487 2108 peremnia
506 2037 600 2114 quae
618 2011 770 2088 dicimus
786 2027 823 2086 et
846 2013 1055 2113 cogitamus,
1078 2013 1195 2084 omnia
1218 2013 1364 2114 quaein

288 2147 439 2208 naturae
461 2134 649 2228 videntur,
668 2149 802 2233 pateat,
828 2132 998 2232 quodque
1020 2135 1065 2207 sit
1086 2133 1366 2208 fundamentum
1464 2203 1465 2212 ,

287 2257 469 2346 omnium,
491 2255 557 2330 boo
577 2270 649 2348 est,
669 2281 765 2328 esse
790 2257 865 2329 sire
883 2279 972 2327 ens.
1024 2255 1101 2326 lloo
1121 2255 1231 2352 igitur
1252 2256 1367 2353 ipsum

286 2401 355 2476 per
377 2401 415 2451 se
437 2377 553 2476 ponit3
579 2403 654 2480 esse
676 2377 893 2452 demonstrat
915 2375 1093 2476 eoquod,
1121 2374 1188 2448 hoc
1210 2375 1368 2468 sublato,
1465 2441 1466 2448 ,

286 2497 387 2572 nulla
407 2501 553 2573 omnino
579 2527 635 2574 res
656 2526 731 2574 esse
755 2514 864 2601 queat
895 2497 998 2573 etad
1022 2497 1177 2571 nihilum
1200 2497 1369 2572 reducan-

286 2633 348 2693 tur
371 2621 504 2694 omnia.
555 2623 692 2695 Deinde
709 2623 877 2696 informat
894 2620 985 2694 illud
1003 2619 1095 2693 notis
1111 2644 1157 2693 ex
1173 2619 1287 2718 ipsius
1304 2645 1367 2692 na-

286 2745 373 2814 tura‘
390 2740 619 2838 depromptis:
645 2743 746 2818 docet
768 2767 835 2816 nec
854 2743 1017 2841 genitum
1038 2767 1112 2814 esse
1136 2765 1204 2814 nec
1222 2741 1367 2814 mortale

287 2887 407 2960 neque
430 2859 558 2935 mobile
580 2887 700 2963 neque
722 2863 927 2953 dividuum,
952 2859 1012 2934 sed
1033 2865 1257 2960 unigenum,
1280 2865 1367 2937 sim-

286 2984 386 3084 plex,
412 2995 618 3076 alstemum,
640 2985 868 3075 continuum,
887 2999 1022 3076 totum,
1045 2985 1258 3084 perlectum.
1309 2989 1366 3058 Se·

286 3121 407 3206 gregat
433 3103 478 3178 ab
508 3129 550 3177 eo
579 3131 832 3206 quaecumque
857 3120 943 3178 sunt
966 3105 1083 3196 fluxa,
1114 3133 1365 3208 quaecumque

285 3244 445 3326 tempore
472 3242 507 3302 et
529 3229 639 3326 spatio
661 3230 907 3318 continentur,
931 3243 1141 3320 moventur,
1162 3243 1364 3320 mutantur,

286 3349 517 3450 adsignatque
538 3353 571 3422 ei
593 3352 776 3424 contraria.
828 3350 993 3450 Denique
1010 3377 1088 3423 uno
1104 3347 1171 3424 hoo
1190 3375 1282 3424 esse
1299 3375 1365 3423 om·

286 3498 371 3546 nem
390 3473 576 3546 veritatem
599 3473 773 3546 oontineri
794 3471 916 3564 dooet;
934 3473 1105 3544 oontraria
1133 3471 1218 3564 ista,
1246 3473 1265 3546 f
1269 3473 1362 3564 ieri,

286 3593 498 3685 occidere,
527 3596 713 3686 variari,
740 3609 874 3668 temere
899 3623 917 3668 a
949 3591 1156 3667 mortalibus
1179 3619 1246 3692 pro
1276 3596 1363 3669 veris

286 3715 419 3790 baberi.
471 3717 554 3809 Quo
574 3715 629 3806 fit,
640 3729 685 3790 ut
701 3715 975 3789 Parmenideum
989 3715 1108 3788 enssit
1120 3727 1250 3787 natura
1261 3740 1363 3816 quae·

286 3837 368 3910 dam
399 3837 578 3936 spectabili
615 3851 765 3910 naturae
797 3863 911 3936 paene
943 3837 1137 3929 eontraria,
1166 3850 1360 3936 notaeque,

287 3956 420 4056 quibus
449 3959 540 4032 illud
572 3959 758 4052 informat,
794 3958 1022 4060 physicorum
1053 3955 1259 4030 notionibus
1296 3957 1361 4029 sint

288 4077 393 4175 plone
425 4082 613 4180 oppositae.
1268 4067 1272 4074 ¹
