2840 4820
229 329 231 334 ’
317 309 362 374 92
732 333 770 374 ns
793 331 985 376 xenornsrus

315 479 466 580 intelligi
485 507 583 580 posse
607 494 836 576 statuerunt3
860 505 1112 580 quaecumque
1137 503 1221 556 vero
1243 479 1379 578 gignan-

315 599 378 660 tur
408 601 445 662 et
475 589 657 681 occidant,
686 615 728 662 ea
757 615 877 687 neque
908 613 981 662 esse
1007 611 1129 660 revera
1160 611 1278 684 neque
1305 612 1380 684 cog-

315 695 410 766 nosci
426 720 547 791 posse‚
571 695 632 768 sed
656 693 753 768 fluxa
771 707 914 766 tantum
938 706 975 764 et
1002 690 1194 790 opinabilia
1220 692 1381 764 dixerunt

315 813 424 900 atque
439 828 503 900 pro
519 802 631 874 nihilo
648 815 836 901 putarunt.
864 803 991 900 Itaque
1014 814 1058 874 ut
1083 799 1195 872 Ionici
1210 799 1380 872 naturales

314 933 437 980 rerum
463 909 590 980 formas
625 909 912 1006 mutationesque
949 907 1173 979 observantes
1191 905 1329 1005 physica
1346 907 1380 976 in

313 1013 437 1109 primis
461 1025 681 1105 tractarunt,
708 1015 757 1086 sic
780 1013 950 1105 Eleatici,
979 1013 1043 1110 qui
1068 1023 1227 1083 mentem
1246 1010 1291 1083 ab
1306 1038 1379 1084 ocu-

311 1115 431 1191 lorum
447 1145 554 1192 sensu
569 1119 784 1211 avocabant,
809 1121 1016 1218 praesertim
1029 1115 1228 1189 dialectices
1240 1117 1380 1189 fuerunt

313 1239 496 1319 auctores,
524 1226 649 1315 alteri,
671 1226 766 1300 fluxa
780 1240 827 1304 ‚et
848 1224 1034 1299 mutabilia
1060 1236 1280 1320 spectantes,
1306 1251 1379 1299 vera

312 1343 506 1404 etaeterna
535 1345 675 1406 tantum
690 1359 763 1405 non
784 1331 1026 1424 sustulerunt,
1058 1329 1178 1418 alteri,
1204 1328 1296 1402 nihil
1321 1331 1379 1401 nisi

313 1437 439 1510 stabile
467 1451 504 1510 et
538 1451 728 1512 aeternum
752 1464 825 1512 esse
853 1451 1055 1529 censentes,
1086 1450 1238 1509 naturae
1263 1449 1300 1510 et
1329 1461 1377 1508 re-

312 1541 381 1616 bus
405 1546 581 1642 generatis
603 1543 751 1617 nullum
776 1571 919 1642 prorsus
943 1543 1172 1643 reliquerunt
1195 1542 1325 1616 locum.

359 1651 576 1745 Hujusmodi
601 1652 675 1724 fere
699 1653 769 1724 fuit
786 1651 1028 1726 Eleaticorum
1054 1652 1165 1742 ratio,
1191 1655 1296 1746 cujus
1319 1649 1377 1724 lle-

310 1756 493 1854 nophanes
529 1769 653 1830 auctor
687 1758 794 1830 fuisse
836 1758 1014 1852 traditur,
1053 1783 1098 1830 ex
1120 1781 1194 1856 quo
1222 1757 1377 1830 universe

309 1874 453 1936 tantum
489 1877 613 1963 patet,
642 1865 742 1937 hunc
775 1865 1027 1964 philosophum
1056 1891 1102 1939 ex
1127 1889 1255 1936 eorum
1282 1863 1377 1936 fuisse

309 1995 462 2044 numero
491 1997 580 2070 quos
611 1989 667 2043 τῶν
708 1975 789 2044 εἰδῶν
813 1977 904 2072 φιλοὺς
945 1971 1102 2072 appellat
1138 1969 1250 2044 Plato.
1286 1969 1377 2064 Quae

308 2089 432 2150 autem
454 2079 594 2174 propria
621 2079 733 2173 hujus
753 2079 864 2152 fuerit
889 2079 977 2150 ratio
1001 2091 1038 2151 et
1055 2080 1253 2170 sententia,
1267 2077 1376 2149 diffici-

308 2182 376 2255 lior
414 2185 573 2282 quaestio
607 2199 681 2279 est,
712 2210 829 2283 quum
865 2187 1065 2261 cavendum
1086 2187 1130 2257 sit
1158 2211 1204 2260 ne
1235 2184 1375 2258 aliorum

308 2289 564 2388 disputationes
592 2305 727 2366 temere
752 2293 838 2366 huie
863 2293 1111 2366 attribuamus.

357 2399 401 2468 ln
419 2411 584 2473 veterum
600 2401 808 2473 testimoniis
830 2399 1054 2499 explorandis
1076 2399 1121 2472 ab
1143 2399 1375 2498 antiquissimo

308 2504 491 2577 ordiamur
513 2505 684 2599 Platone,
707 2509 747 2580 in
771 2511 877 2602 cujus
905 2505 1042 2606 dialogo
1070 2507 1231 2604 Sophista
1249 2529 1283 2604 p.
1315 2503 1374 2594 sla

308 2609 364 2700 D,
398 2611 523 2709 hospes
548 2611 687 2685 Eleates
716 2613 762 2685 de
791 2613 955 2686 Eleaticis
982 2615 1069 2687 haec
1097 2623 1373 2686 commemorat:

308 2721 339 2785 τὸ
364 2719 395 2786 δὲ
425 2713 493 2813 παρ’
517 2729 585 2810 ἡμῖν
612 2713 778 2790 Ἐλεατικὸν
809 2720 893 2800 ἔθνος
924 2728 995 2792 ἀπὸ
1026 2723 1253 2819 Ξεννφάννς
1281 2747 1310 2790 τε
1335 2721 1376 2785 καὶ

306 2821 368 2890 ἔτι
393 2831 576 2919 πρόσθεν
602 2830 783 2922 ἀρξάμενον,
808 2839 846 2906 ὡς
878 2833 963 2906 ἑνὸς
987 2827 1099 2905 ὄντος
1130 2841 1203 2896 τῶν
1232 2837 1374 2897 πάντων

307 2931 501 3022 χαλωμένων,
533 2931 603 3002 οὕτω
625 2935 805 3030 διεξέρχεται
830 2953 887 3013 τοῖς
908 2939 1022 3025 μύθοις.
1052 2933 1095 3002 In
1128 2931 1194 3004 hoc
1218 2929 1293 3004 loco
1311 2929 1373 3002 duo

306 3035 514 3134 explicanda
536 3053 622 3112 sunt
646 3069 653 3113 :
683 3068 767 3114 nam
787 3044 962 3140 primum,
987 3041 1083 3140 quod
1098 3039 1253 3114 Eleatiea
1269 3037 1373 3112 schola

306 3170 381 3216 non
409 3161 554 3222 auctore
583 3149 733 3224 demum
763 3151 987 3248 Xenophane
1015 3149 1077 3222 sed
1098 3149 1177 3242 jum
1195 3156 1300 3243 prius
1322 3173 1372 3218 ex·

305 3253 431 3326 stitisse
458 3255 612 3348 dicitur,
638 3257 675 3328 id
701 3255 867 3356 plerique
895 3256 1014 3328 mirati
1039 3267 1124 3348 sunt
1147 3256 1372 3352 interpretes,

305 3364 475 3459 quoniam
500 3389 568 3436 nec
600 3365 792 3462 quisquam
818 3363 1038 3463 Xenophane
1063 3363 1224 3460 superior
1250 3360 1372 3433 Eleati-

304 3494 366 3541 cae
392 3467 530 3542 scholae
563 3483 686 3543 auctor
713 3470 907 3562 exstitisse,
936 3495 1056 3568 neque
1075 3461 1260 3566 ¹placitum
1287 3467 1370 3554 hoc,

306 3586 343 3654 ὡς
370 3581 428 3654 ἑνὸς
453 3577 532 3654 ὄντος
555 3594 610 3647 τῶν
631 3589 770 3669 πάντων,
796 3576 841 3648 ab
861 3575 938 3649 ullo
957 3575 1203 3674 antiquiorum
1228 3571 1371 3648 celebra-

303 3692 384 3754 tum
409 3708 482 3756 esse
499 3697 729 3757 memoratur.
755 3684 824 3757 Sed
841 3709 900 3758 eos
913 3683 1041 3782 fugisse
1053 3683 1212 3773 videtur,
1237 3681 1272 3753 id
1285 3677 1371 3778 quod

191 3845 195 3852 .
303 3786 349 3860 de
380 3789 504 3861 multis
535 3789 829 3890 philosophorum
856 3790 995 3890 placitis
1023 3787 1369 3864 animadvertendum

305 3903 372 3984 est,
392 3920 517 3968 eornm
538 3899 670 3996 primas
696 3899 847 3997 origines
874 3897 1077 3972 inocculto
1107 3895 1240 3988 latere,
1272 3905 1369 3990 atque

303 4009 347 4070 ut
370 4025 485 4074 mores
506 4015 543 4076 et
563 4005 727 4077 instituta
754 4003 928 4104 pleraque
951 4003 1092 4079 dudum
1111 4014 1214 4078 antea
1239 4003 1368 4074 exstite-
