2870 4824
156 326 161 334 ·
286 305 333 374 ⁴8
735 327 925 374 urornsrrs

290 487 405 555 mnia
418 495 587 557 constare.
606 483 689 578 Quo
705 485 865 582 pertinet
887 485 1119 560 Homericum
1135 483 1248 580 illud,
1273 489 1367 587 quod

287 593 362 686 jam
380 593 510 667 Sextus
521 604 559 666 et
575 592 794 692 Philoponus
811 593 1072 688 contulerunt,
1086 591 1131 665 Il.
1151 627 1179 678 η.
1192 618 1244 694 99
1262 621 1270 667 ι

386 735 466 812 Ἀλλ’
495 750 573 837 ὑμεῖς
589 747 644 836 μὲν
666 753 771 824 πάντες
792 743 870 842 ὕδωρ
894 751 944 815 καὶ
971 765 1045 840 γαῖα
1072 751 1219 840 γένοισθε.

290 887 343 960 ef.
369 897 494 960 auctor
512 888 577 962 rit.
592 887 739 963 Homeri
760 889 801 962 in
822 889 954 988 Opusc.
980 887 1127 992 Mythol.
1141 916 1177 990 p.
1194 887 1279 982 324.
1301 891 1367 966 Sed

288 993 333 1069 de
360 995 538 1068 sententia
566 995 799 1096 Xenophanis
825 997 920 1071 infra
943 998 1013 1072 erit
1034 995 1230 1073 disserendi
1252 995 1359 1073 locus.

797 1202 852 1268 xl.

337 1381 510 1456 Stobaeus
525 1383 565 1454 in
581 1380 762 1482 Florilegii
782 1381 982 1482 appendice
1005 1381 1091 1456 edit.
1106 1379 1218 1456 Gaisf.
1243 1383 1281 1454 T.
1303 1383 1365 1478 IV,

287 1515 324 1589 p.
338 1487 385 1582 6,
406 1488 637 1587 Xenophanis
659 1491 877 1564 sententiam
899 1487 1077 1580 referens,
1106 1512 1180 1586 qua
1205 1513 1311 1562 eausa
1333 1499 1367 1562 ct

286 1597 404 1673 nubes
427 1610 465 1672 et
488 1611 631 1692 cetera,
657 1622 752 1697 quae
778 1600 818 1672 in
846 1595 946 1671 coelo
974 1597 1096 1686 fiunt,
1122 1596 1305 1688 oriantur,
1324 1597 1366 1672 de

286 1704 421 1804 quibus
442 1705 535 1777 infra
558 1704 794 1798 disseremus,
819 1703 1014 1778 testimonii
1030 1701 1109 1776 loco
1134 1701 1224 1777 haec
1246 1702 1363 1776 addit:

285 1827 389 1913 γράφει
408 1821 467 1911 γὰρ
485 1807 661 1912 διαρῥήδην·
678 1819 765 1910 Πήγη
787 1807 873 1898 δ’ἐςι
899 1815 1046 1884 θάλασσα
1063 1811 1174 1892 ὕδατος.
1199 1811 1366 1906 Quamvis

286 1921 461 1996 Stobaeus
488 1922 538 1993 ita
558 1920 667 2019 plane
682 1921 751 1994 hoc
764 1921 999 2012 testificetur,
1024 1919 1127 2018 quasi
1145 1919 1185 1993 in
1204 1919 1366 2010 manibus

285 2027 436 2102 haberet
458 2026 688 2125 Xenophanis
712 2026 858 2124 scripta,
871 2025 961 2098 haec
973 2035 1095 2098 tamen
1107 2027 1184 2120 jam
1206 2026 1274 2100 diu
1288 2037 1366 2099 ante

287 2137 474 2214 evanuisse
499 2146 642 2207 certum
667 2145 730 2206 est.
752 2134 798 2204 In
814 2131 1047 2230 compilatore
1062 2132 1172 2208 verba
1192 2158 1269 2206 non
1284 2134 1364 2208 adeo

287 2241 450 2341 urgenda
474 2251 589 2315 sunt:
610 2250 754 2313 tantum
779 2237 999 2338 significant,
1021 2237 1131 2312 fidem
1151 2239 1266 2336 hujus
1284 2239 1364 2313 dicti

287 2361 325 2424 et
347 2347 562 2422 sententiam
584 2343 630 2418 ab
646 2344 723 2442 ipso
739 2355 873 2418 certam
888 2343 1187 2443 manifestamque
1211 2343 1363 2418 habitam

287 2481 372 2530 esse.
398 2453 554 2528 Videtur
581 2463 705 2526 autem
729 2475 811 2550 pars
839 2449 948 2525 fuisse
974 2449 1143 2528 versiculi
1171 2449 1240 2528 hoc
1263 2449 1362 2526 modo

287 2561 441 2637 ordinati
466 2588 475 2634 :

396 2717 447 2732 -
471 2716 521 2732 -·
543 2717 593 2730 ·-
690 2684 768 2768 πήγη
787 2667 813 2744 ὅ
834 2679 879 2758 ἐςι
899 2675 1045 2746 θάλασσα

383 2792 495 2870 ὕδατος.

284 2921 344 3004 vel
371 2922 444 2995 ita:

384 3062 462 3148 miyu
486 3045 571 3138 δ’ἐςι
590 3044 722 3124 &stood
743 3049 846 3132 ὕδατος
874 3095 924 3110 ·-

285 3213 424 3291 utrovis
444 3212 543 3286 enim
559 3211 666 3285 modo
681 3213 908 3287 conveniunt
924 3215 1082 3288 numeri.
1108 3255 1157 3271 —
1178 3219 1322 3287 suma
1342 3238 1360 3284 a

285 3319 441 3424 physicis
466 3319 560 3393 dicta
576 3333 629 3393 est
652 3321 821 3397 universa
846 3347 1026 3422 aquarum
1050 3319 1184 3414 moles,
1209 3332 1289 3420 ἀρχὴ
1315 3323 1361 3390 καὶ

286 3446 372 3524 σῶμα
395 3439 441 3500 τοῦ
469 3433 572 3507 παντὸς
597 3428 718 3521 ὕδατος,
739 3439 783 3499 ut
810 3427 898 3502 dicit
918 3427 1126 3503 Aristoteles
1148 3429 1282 3503 Meteor
1303 3425 1358 3518 11,

287 3563 333 3631 2,
354 3561 390 3636 p.
416 3533 508 3632 427,
524 3531 563 3604 C.
590 3557 664 3632 quo
686 3558 794 3608 sensu
818 3537 973 3609 occurrit
998 3535 1098 3636 apud
1112 3531 1360 3634 Empedoclem

286 3669 320 3721 v.
343 3643 428 3736 128,
444 3641 501 3716 ed.
519 3641 636 3714 Sturz.
650 3641 744 3716 Cum
757 3642 825 3717 hoc
840 3641 970 3742 placito
983 3645 1151 3724 convenit
1175 3641 1272 3744 quod
1288 3643 1358 3736 jam

284 3751 464 3826 Homerus
484 3747 531 3823 de
556 3753 688 3824 Oceano
711 3749 962 3850 praedicabat,
983 3749 1027 3825 11.
1053 3781 1083 3852 p.
1119 3747 1186 3850 195
1214 3771 1288 3848 sqq.

280 4005 341 4088 'xi
363 4025 493 4089 Oceanus
512 4029 578 4090 sons
596 4041 639 4090 est
659 4029 749 4092 omnis
769 4029 904 4094 humoris.
