2840 4820
257 259 303 330 711
705 281 898 326 xsnornsurs

256 445 320 505 tur
346 455 457 531 quam
484 428 611 510 verior.
638 428 725 502 Mihi
754 442 878 504 autem
906 454 980 501 non
1003 429 1113 528 magis
1135 429 1181 504 ob
1220 429 1355 504 verbo

256 563 341 638 rum
373 537 625 610 obscuritatem
644 562 754 636 quam
768 537 896 610 duram
916 561 1154 609 numerorum
1170 539 1354 636 composi-

255 645 392 718 tionem
411 644 470 717 hic
487 669 607 718 versus
630 644 790 742 graviore
807 643 937 717 menda
956 655 1149 741 corruptus
1174 644 1354 738 videtur,

257 777 351 852 quae
375 753 519 824 fortasse
549 749 738 824 literarum
761 751 876 824 ductu
901 753 950 824 sic
975 751 1184 849 corrigenda
1213 753 1296 823 sit:

354 901 465 998 ἀνδρῶν
486 894 512 972 δ
535 909 626 970 αἰνεῖν
647 912 738 972 τοῦτον
767 903 799 980 ὃς
827 901 927 970 ἐσθλοὶ
944 905 1016 970 πιὼν
1041 909 1217 998 ἀναφαίνει,

450 1008 525 1078 ὅσσα
557 1005 722 1099 μνημοσύνη
746 1007 859 1085 δαιτύος
885 999 954 1105 ἀμφ’
978 1015 1093 1104 ἐρατῆς.

257 1181 279 1229 «
309 1161 490 1228 Convivam
529 1181 606 1227 eum
645 1155 765 1226 laudes
803 1163 866 1251 qui
899 1161 1004 1228 utilio
1034 1162 1130 1228 inter
1156 1155 1352 1227 bibendum

254 1277 405 1350 narrat,
424 1288 660 1360 quaecumque
678 1254 883 1336 recordetur
903 1264 1074 1354 jucundis
1090 1286 1200 1359 super
1219 1270 1349 1359 opulis⁸

254 1369 352 1444 Haec
369 1381 466 1442 certe
482 1375 608 1467 poetae
625 1371 825 1442 sententiae
855 1369 1026 1444 videntur
1048 1395 1267 1470 congruere.
1301 1413 1351 1424 -

251 1480 327 1550 ὅσσα
350 1478 515 1572 μνημοσύνη
531 1476 689 1575 elliptice
716 1477 855 1550 dictum
874 1478 1002 1572 suerit,
1023 1477 1211 1552 intellecto
1236 1477 1348 1553 verbo

254 1594 484 1684 δοναφαῖνηωωτ
503 1583 610 1656 simili
629 1583 804 1683 quodam,
830 1583 928 1682 quod
953 1609 997 1657 ex
1019 1583 1254 1682 praecedenti
1272 1595 1350 1656 ἀνα·

254 1691 348 1792 φαίνει
373 1689 541 1764 facillime
570 1691 686 1790 repeti
706 1703 849 1790 potest;
871 1689 987 1766 ueluti
1005 1691 1045 1762 in
1063 1691 1215 1766 Homeri
1240 1716 1348 1768 versu

252 1796 355 1870 Iliad.
385 1829 414 1881 η.
446 1795 548 1870 286:

302 1936 433 2026 ἀρχέτω·
463 1929 557 2024 αὐτὰρ
583 1933 640 2023 ἐγὼ
670 1933 753 2022 μάλα
782 1927 938 2022 πείσομαι,
961 1927 1041 2026 ᾖπερ
1069 1927 1109 1998 ἂν
1131 1926 1229 2008 οὗτος·

251 2067 342 2157 ὦτος,
371 2093 433 2166 np.
462 2067 562 2164 ἄρχῃ,
582 2065 681 2166 quod
698 2091 743 2139 ex
761 2067 938 2165 superiori
959 2066 1069 2142 verbo
1088 2065 1342 2164 repetendum.

301 2203 352 2252 ss.
373 2200 430 2248 πο.
444 2199 496 2272 sq.
520 2177 659 2247 Horum
681 2200 854 2250 versuum
873 2175 1077 2249 emendatio
1091 2175 1344 2274 Schweightin·

253 2309 331 2358 sem
364 2297 403 2358 et
434 2281 611 2384 Scaligero
640 2281 823 2378 debetur3
847 2284 886 2356 in
910 2283 1180 2356 Casauboniana
1209 2284 1343 2357 edsio
1390 2293 1393 2298 '

252 2389 441 2492 legebatur
462 2417 471 2462 ε

318 2529 325 2544 ’
350 2541 412 2610 ον’δέ
423 2567 454 2608 τε
474 2536 651 2642 Κενταύρων
673 2533 692 2618 ἢ
719 2547 825 2621 ςοὶσιας
849 2546 1010 2636 προτέρων

401 2643 431 2740 †
456 2647 614 2742 φενδὸνας,
644 2663 699 2722 τοῖς
725 2645 802 2715 οὐδὲν
820 2650 932 2743 χρηςδν
961 2645 1052 2730 ἔνεςι.

252 2789 362 2866 Codd.
387 2803 513 2866 autern
538 2789 663 2888 plures
683 2817 768 2863 cum
802 2791 999 2889 praebeant
1022 2799 1203 2890 πλασμάτων
1241 2803 1339 2892 προτέ-

250 2900 341 3001 ρωνῆ
360 2910 468 2986 ςοὶσιας
491 2901 645 2998 φενδόνας,
664 2898 750 2972 hinc
761 2903 923 2994 πλασμάτα
939 2921 995 2972 τῶν
1009 2903 1165 2975 correxit
1178 2901 1338 2976 Schwei-

251 3009 421 3108 ghduser3
437 3032 501 3104 pro
512 3008 649 3106 φενδόνας
662 3002 786 3078 antem
801 3009 939 3105 φλεδόνας
958 3009 1163 3084 emendavit
1182 3007 1337 3106 Scaliger

251 3117 277 3190 l.
295 3116 320 3188 l.
334 3113 574 3215 probantibus
586 3113 671 3186 viris
690 3113 810 3188 doctis.
833 3115 951 3188 lllinus
966 3114 1116 3188 feliciter
1135 3114 1334 3212 Schweigh.

251 3249 318 3325 pto
351 3222 370 3306 ἢ
403 3233 536 3310 recrea,
572 3223 712 3321 φλεδόνας
751 3230 953 3316 conjecerat
992 3233 1139 3304 οἱοπασίας
1175 3226 1333 3323 φλεδένας,
1410 3227 1413 3250 ⁴

250 3333 419 3405 amabiles
442 3355 580 3426 nuqua:
599 3341 651 3402 est
668 3330 790 3420 enim,
814 3329 941 3402 nullus
957 3335 1186 3426 conjecturae
1210 3331 1309 3404 locus
1324 3354 1333 3420 3

250 3451 349 3534 μάχαι
369 3450 405 3512 et
429 3447 529 3522 ςοὶσιες
554 3451 651 3510 recte
665 3425 772 3536 jungi
791 3450 961 3534 possunt,
986 3439 1084 3535 quod
1110 3440 1138 3509 si
1162 3434 1333 3532 exemplis

251 3543 510 3618 illustrandum
538 3544 609 3636 sit,
638 3545 730 3617 conf.
763 3542 870 3615 Solon
902 3571 938 3642 p.
964 3569 1038 3643 92,
1064 3544 1170 3617 Bach.
1196 3540 1333 3615 Similes

250 3679 399 3752 quoque
429 3667 516 3727 sunt
549 3653 783 3728 Anacreontis
816 3679 939 3728 versus
971 3653 1070 3752 apud
1104 3653 1331 3728 Athenaeum

250 3787 287 3860 p.
314 3761 402 3855 463,
431 3762 493 3834 A:

351 3912 380 3980 οὐ
396 3913 482 4006 φιλέω
508 3911 537 3988 ta
561 3927 681 4006 κρητῆρι
703 3916 786 4006 παρὰ
803 3909 884 4004 πλέῳ
901 3917 1082 3992 οἰνοποτάζων

402 4027 499 4086 νείκεα
528 4021 578 4084 καὶ
600 4021 722 4111 πόλεμον
749 4019 927 4115 δακρυόεντα
944 4018 1034 4113 λέγει.
