2840 4820
306 315 371 380 138
711 334 750 376 on
774 333 964 378 nsorusms

348 487 445 560 Haeo
471 498 594 559 autem
626 486 871 584 interpretatio
899 485 1014 559 alium
1043 509 1186 586 quoque
1216 511 1361 562 errorem

302 599 454 694 peperit.
479 597 568 667 Nam
595 595 624 666 si
654 621 773 670 unum
800 595 904 668 modo
928 595 1100 670 statuitur
1132 607 1279 670 naturae
1302 597 1363 669 ini-

301 704 396 774 tium
411 705 484 776 sive
508 723 655 794 ςαχεῖον,
682 699 784 775 nulla
809 703 844 776 vi
870 702 1062 790 adiuncta,
1087 700 1315 798 intelligitur,
1330 703 1364 776 id

301 811 399 907 quod
423 814 499 906 jam
519 809 604 880 olim
632 809 862 906 Hippocrates
884 809 1038 881 ostendit
1063 806 1108 900 ⁷⁵,
1135 807 1279 881 nullum
1299 833 1364 882 esse

301 919 417 989 motui
439 943 559 1016 neque
578 919 766 990 mutationi
790 915 921 988 locum.
937 917 1065 1014 Itaque
1081 941 1166 990 cum
1189 916 1365 1012 Xenopha-

302 1025 356 1094 nis
385 1023 573 1096 decretum
598 1023 642 1094 ad
667 1047 811 1094 omnem
832 1035 998 1095 naturam
1027 1023 1153 1096 referri
1179 1035 1363 1120 putarent,

301 1143 377 1204 orta
401 1143 454 1204 est
478 1129 685 1229 pervulgata
709 1130 770 1202 illa
795 1132 1037 1228 interpretum
1060 1132 1197 1228 opinio,
1218 1155 1300 1202 eum
1317 1153 1365 1200 re-

301 1265 385 1314 rum
411 1241 646 1312 mutationem
671 1251 712 1311 et'
731 1252 852 1311 ortum
873 1251 909 1311 et
928 1239 1116 1312 interitum
1144 1263 1285 1311 omnem
1300 1263 1366 1308 om·

301 1345 389 1416 nino
412 1345 616 1434 sustulisse,
641 1346 895 1444 mundumque
920 1347 1081 1420 statuisse
1106 1344 1311 1418 inmobilem
1334 1353 1367 1416 et

302 1453 572 1550 sempiternum.
598 1452 708 1546 Quasi
741 1478 784 1524 ex
808 1454 850 1524 iis
880 1478 973 1551 quae
996 1453 1042 1526 de
1055 1452 1176 1528 divina
1197 1449 1366 1524 absolute-

301 1583 374 1656 que
413 1560 568 1656 perlecta
598 1572 727 1630 natura
761 1558 823 1633 ille
856 1560 1103 1657 praedicavit,
1133 1557 1295 1636 similiter
1326 1555 1365 1628 de

208 1703 210 1710 >
301 1665 439 1736 mundo
467 1665 647 1764 rebusque
678 1665 846 1736 humanis
871 1691 957 1738 eum
986 1667 1188 1757 censuisse,
1220 1661 1306 1736 effici
1329 1661 1365 1734 li·

300 1770 408 1844 oeatl
433 1772 554 1844 Potius
578 1797 620 1844 ex
652 1798 717 1861 eo,
742 1773 839 1870 quod
866 1774 983 1845 Deum
1011 1800 1106 1865 esse,
1137 1774 1288 1870 ideoque
1312 1796 1365 1842 ae-

301 1889 448 1952 ternum
473 1880 620 1971 statuit,
647 1878 767 1978 colligi
793 1893 908 1978 potest
936 1907 1022 1954 eum
1055 1881 1216 1952 bumana
1242 1879 1365 1968 omnia,

303 1999 347 2058 ut
371 2011 465 2085 quae
491 1999 573 2058 nata
599 1987 692 2078 sint,
715 1987 847 2058 caduca
869 1987 993 2060 fecisse
1011 1999 1048 2060 et
1065 1987 1247 2060 mortalia·
1239 1986 1366 2082 ,idque

301 2092 348 2166 ab
374 2120 417 2166 eo
443 2092 634 2190 probatum
656 2117 730 2165 esse
747 2093 854 2166 tradit
867 2094 1041 2191 Diogenes
1054 2091 1258 2166 laertius⁷⁶
1276 2092 1368 2188 :apsi

302 2227 347 2277 τος
375 2227 393 2268 τ
427 2209 611 2298 ἀπεγηνατο,
641 2199 687 2271 ‘o'ra
720 2217 778 2271 πᾶν
809 2207 841 2270 τὸ
869 2231 935 2296 yryv
937 2211 1034 2294 έμενον
1064 2207 1239 2299 φθαρτόν’
1223 2231 1278 2284 εςι.
1302 2199 1367 2268 Ηοο

302 2317 423 2378 tamen
449 2330 670 2406 quamquam
699 2307 926 2404 Xenophanis
950 2309 1063 2379 menti
1089 2331 1289 2406 congruum
1311 2305 1365 2394 sit,

301 2438 393 2486 num
420 2411 550 2484 diserte
579 2410 819 2511 explicitoque
844 2412 922 2482 ab
913 2438 988 2509 rpso
1012 2414 1057 2483 sit
1080 2413 1366 2498 demonstratum,

301 2520 413 2592 unius
425 2519 590 2618 Diogenis
602 2520 811 2591 auctoritate
825 2517 999 2590 affirmare
1015 2544 1087 2589 non
1107 2519 1222 2590 ausim
1239 2545 1246 2590 :
1266 2516 1368 2615 siqui-

304 2627 387 2700 dem
409 2626 471 2698 ille
485 2629 523 2698 in
545 2627 704 2700 divinam
720 2640 887 2698 naturam
912 2637 1034 2698 mente
1055 2626 1219 2718 defixus,
1243 2651 1296 2698 res
1313 2625 1368 2696 hu·

303 2759 425 2806 manas
449 2758 565 2830 eaque
593 2735 710 2804 omnia
736 2759 830 2832 quae
858 2733 1018 2806 sensibus
1047 2734 1298 2830 percipiuntur
1320 2757 1366 2802 ra-

302 2841 400 2910 tione
421 2839 729 2937 comprehendisse
748 2866 821 2912 non
845 2840 1013 2913 ridetur:
1041 2837 1205 2910 inchoata
1227 2840 1369 2912 enimet

301 2945 509 3044 imperfecta
542 2945 693 3018 fuerunt
718 2947 831 3044 prims
863 2943 1105 3042 philosophiae
1132 2945 1271 3034 studia,
1306 2967 1367 3014 una

301 3049 421 3151 aliqua
439 3065 540 3149 parte
558 3050 765 3152 diligentius
782 3051 969 3151 explicita,
993 3063 1111 3123 cetera
1136 3063 1203 3122 aut
1223 3047 1369 3150 neglecta

342 3309 1370 3394 QQHWmmmmcmmMmmfflmdeMthdfip.

303 3421 362 3479 sqq.
386 3413 408 3459 t.
430 3401 496 3476 ΙΙΙ,
519 3421 546 3482 p.
577 3403 720 3479 105‚ubi
743 3405 780 3462 cl.
801 3403 899 3463 Galen.
924 3399 1052 3461 Eundem
1076 3413 1174 3460 testem
1199 3400 1291 3462 laudat
1310 3401 1372 3456 Pro·

302 3491 360 3550 elus
381 3492 410 3549 in
432 3491 574 3550 Timaeum
597 3493 629 3551 L.
654 3493 716 3568 ΙΙΙ,
738 3515 767 3574 p.
793 3493 867 3574 147,
891 3492 936 3551 ed.
960 3489 1043 3551 Basit.
1066 3497 1087 3553 εἰ
1107 3491 1190 3553 eslim
1213 3491 1265 3556 dei
1281 3492 1372 3566 γένη-ιν

304 3578 386 3656 sliat,
411 3579 463 3642 ts?
483 3579 525 3660 psai
553 3579 577 3643 lv
608 3581 673 3645 sirau
696 3582 728 3644 vd
752 3585 888 3660 negdo·
909 3579 998 3664 ὅνπερ
1020 3581 1074 3666 vd?
1090 3581 1371 3666 pnelrlmnpa'rtf,

303 3685 327 3742 ti
348 3679 374 3743 is
397 3675 424 3750 ris
446 3683 583 3760 cointius,
603 3684 649 3744 ουίι
664 3679 696 3744 sir
715 3679 752 3743 rai
772 3685 931 3764 πρᾶγμιτι
952 3679 1148 3758 possidebitis·
1167 3685 1185 3744 τ’
1204 3679 1257 3765 yrip
1277 3679 1327 3748 isli
1341 3683 1371 3739 tlt

301 3771 333 3831 ro*
355 3769 443 3849 ipsios
466 3773 485 3841 η’
506 3771 655 3851 perruptas*
681 3771 727 3834 sal
750 3775 766 3842 η’
786 3771 909 3848 timess,
931 3773 1003 3833 ἄλλ’
1024 3777 1060 3832 rit
1078 3770 1111 3834 ri
1141 3772 1263 3835 isaurios.
1308 3807 1312 3816 ·

345 3920 410 4002 (7⁶)
432 3922 463 3980 n.
493 3923 558 3998 rx,
579 3935 647 3982 ses.
663 3943 708 4006 19.
735 3921 859 4005 nesus.
873 3921 935 3982 us.
959 3921 977 3982 ι.
999 3919 1019 3982 ι.
1039 3888 1078 3983 er.
1101 3919 1206 3982 cousin
1228 3942 1257 4002 p.
1274 3915 1313 3998 64
1336 3931 1372 3990 sq.

249 4061 254 4076 ,
306 4009 397 4068 Ritter
417 4010 517 4071 Gesob.
537 4011 564 4072 d.
584 4011 688 4074 Philos.
712 4013 747 4074 T.
771 4013 796 4090 Ι,
815 4035 845 4095 p.
868 4009 937 4096 447.
