2924 4820
723 380 761 422 BR
786 379 976 426 XBNOPHAMS

822 696 876 758 ΙΙΙ.

624 950 672 1000 DE
699 948 822 1000 RERUM
849 947 1081 1000 COGNITIONE.

814 1217 890 1300 §¹-

363 1468 553 1566 Postquam
580 1463 807 1561 Xenophanis
829 1463 875 1535 de
898 1462 1005 1534 rebus
1028 1463 1160 1534 divinis
1185 1473 1221 1534 et
1246 1470 1375 1532 natura·

315 1574 411 1650 libus
434 1574 648 1648 sententiam
676 1571 930 1669 exposuimus,
963 1582 1070 1642 restat
1094 1583 1137 1643 ut
1163 1570 1208 1642 de
1233 1569 1373 1640 humana

315 1695 445 1754 natura
470 1681 559 1780 quid
578 1679 727 1751 senserit
748 1677 941 1750 videamus.
966 1677 1060 1750 Haec
1077 1677 1259 1776 quaestio,
1278 1685 1316 1745 ut
1332 1681 1375 1742 est

318 1792 431 1862 omnis
462 1787 704 1887 philosophiae
733 1787 909 1876 maxima,
942 1785 989 1856 ita
1019 1810 1096 1856 sero
1120 1784 1268 1856 demum
1294 1791 1375 1848 trac-

318 1896 386 1966 ta'ri
403 1898 520 1993 coepit
538 1922 545 1966 :
563 1895 699 1968 etenim
721 1895 795 1987 jam
812 1891 953 1964 dudum
971 1903 1106 1964 veteres
1130 1891 1177 1963 de
1193 1891 1265 1960 Deo
1281 1897 1315 1958 et
1331 1909 1375 1954 re-

315 2025 400 2074 rum
426 2014 556 2074 natura
579 1999 693 2072 multa
719 1997 930 2070 mirabiliter
954 2009 1136 2070 senserant
1162 1991 1376 2092 etpraedica·

320 2120 470 2200 verant,
495 2107 723 2204 priusquam
747 2106 787 2174 in
807 2107 926 2201 ipsum
947 2103 1129 2176 hominem
1160 2102 1375 2198 inquirerent.

318 2214 469 2286 Socratis
507 2216 659 2310 ejusque
693 2211 816 2283 aetatis
858 2211 929 2282 suit
957 2211 1044 2282 haec
1072 2211 1256 2309 quaestio,
1289 2227 1376 2300 supc-

316 2321 454 2394 u'orum
478 2343 563 2394 vero
589 2343 682 2416 quae
706 2317 879 2389 feruntur
912 2315 1041 2414 placita
1074 2317 1260 2388 infantiam
1281 2307 1377 2408 philo·

321 2427 465 2525 sophiae
497 2427 685 2512 referunt,
714 2449 785 2522 qua
827 2423 940 2499 veluti
979 2427 1140 2523 primum
1173 2422 1378 2521 dispicientes

320 2559 393 2606 non
429 2535 497 2606 nisi
531 2532 677 2604 confuse
708 2530 930 2628 obscureque
959 2545 1161 2605 cernerent.
1195 2531 1246 2602 Dc
1276 2526 1376 2597 Xeno·

316 2639 436 2738 phane
461 2667 506 2713 er
529 2643 592 2728 iis,
620 2664 713 2737 quae
740 2639 903 2737 quamvis
928 2665 1040 2736 pauca
1067 2640 1111 2711 ad
1138 2651 1292 2712 nostram
1315 2653 1377 2702 me·

317 2748 467 2817 moriam
493 2758 761 2844 pervenerunt,
786 2745 882 2818 idem
910 2745 1188 2817 existimandum
1217 2755 1277 2816 est.

366 2853 540 2952 Diogenes
562 2852 612 2941 L„
629 2851 703 2943 lx,
731 2876 798 2948 19,
814 2865 1001 2942 ¹memorat
1024 2877 1110 2924 eum
1138 2851 1317 2934 statuisse,
1341 2839 1377 2912 ὅτι

195 3049 197 3052 ,
318 2964 438 3053 ἡψυχὴ
467 2972 590 3052 πνεῦμα.
621 2957 876 3055 Antiquissima
907 2970 944 3030 et
971 2957 1180 3056 pervulgata
1213 2955 1280 3026 fuit
1304 2951 1378 3021 haec

318 3067 464 3165 opinio,
496 3091 607 3164 quam
626 3065 789 3137 homines
812 3069 886 3161 jam
911 3066 1052 3164 pridem
1080 3063 1263 3138 communi
1286 3077 1379 3130 sensu

317 3185 577 3270 conceperant,
602 3183 646 3243 ut
669 3173 744 3269 ipsa
771 3172 940 3264 nomina,
969 3185 1043 3244 tam
1062 3179 1182 3244 anima
1200 3183 1236 3242 et
1256 3171 1380 3238 animus

317 3278 473 3366 Latinis,
502 3303 611 3376 quam
641 3285 719 3370 ψυχὴ
747 3275 913 3368 Graecis,
946 3279 1170 3352 ostendunt:
1201 3273 1381 3373 significant

318 3389 416 3459 enirn
439 3387 638 3485 spiritum,
666 3410 778 3483 quem
802 3388 907 3484 prisci
931 3387 1097 3459 dicebant
1124 3385 1289 3459 universe
1319 3375 1380 3448 vim

319 3492 512 3591 illamqua
536 3492 715 3584 vivimus,
742 3495 941 3585 sentimus,
972 3495 1132 3592 agimus,
1161 3491 1346 3590 cogitamus
1363 3488 1380 3547 ¹.

319 3601 373 3673 Ex
400 3601 583 3674 communi
611 3601 779 3697 opinione
803 3601 956 3673 effloruit
978 3600 1301 3700 antiquissimorum
1328 3613 1381 3660 va·

320 3719 401 3778 tum
418 3708 594 3780 sententia
613 3705 709 3780 idem
724 3707 966 3806 probantium.
983 3709 1039 3780 Sic
1058 3709 1097 3778 in
1114 3703 1276 3803 Orphicis
1304 3698 1381 3770 fere·

321 3811 452 3903 batur,
493 3824 542 3898 τὴν
578 3819 673 3906 ψυχὴν
707 3821 741 3886 ἐκ
770 3827 816 3886 τοῦ
842 3815 907 3887 ἕλω
933 3823 1067 3901 εἰςιέναι,
1109 3819 1297 3885 ἀναπνέοντων
1333 3827 1381 3900 φί-

359 4067 402 4142 (ι)
425 4066 539 4143 Cicero,
561 4068 646 4128 Tusc.
662 4069 718 4142 Qu.
742 4069 765 4143 I,
781 4089 811 4149 9.
824 4069 980 4150 Lennepius
1000 4069 1068 4129 Lex.
1081 4066 1200 4150 Etymol.
1216 4067 1245 4124 in
1262 4083 1288 4124 v.
1299 4057 1382 4134 sititet·
