2924 4820
524 298 740 344 rnrtosorara.
1109 279 1171 348 197

116 443 218 544 geodis
238 448 435 544 praecipue
450 448 578 521 versati
598 458 703 536 sunt,
721 445 884 522 similiter
906 447 994 522 haec
1009 449 1174 526 omnium

116 553 228 624 artium
259 554 430 652 princeps
460 580 481 628 a
514 565 664 627 naturae
695 553 840 628 divinae
875 552 1175 651 contemplatione

114 657 249 756 prolecta
282 673 355 753 est,
390 663 430 734 in
460 663 566 755 cujus
595 661 711 758 specie
736 660 967 758 exprimenda
990 662 1175 738 interiores

114 767 205 837 animi
227 793 354 842 sensus
376 771 556 868 expressit.
581 767 725 842 Sedille
744 768 922 866 quemad
943 769 1036 844 hano
1053 793 1175 867 quaes·

52 879 53 916 ³
113 871 228 946 tionem
256 875 442 950 accederet
468 874 672 952 dialectices
697 899 810 974 paena
832 879 994 975 ignarus,
1021 901 1093 950 non
1106 877 1174 951 mi·

52 1009 53 1046 ς
112 1003 178 1050 ram
201 981 230 1051 si
254 995 293 1054 et
320 985 396 1082 ipse
422 995 459 1056 et
486 982 571 1076 alii,
601 985 666 1081 qni
695 1008 779 1055 eum
798 983 1028 1074 scanderent,
1053 983 1091 1056 in
1105 983 1174 1058 dis·

52 1079 53 1110 ³
111 1085 377 1185 serendoparum
389 1087 536 1162 subtiles
548 1103 584 1162 at
596 1089 780 1164 interdum
791 1087 1005 1187 otypooora'pat²8
1022 1089 1174 1164 fuerintt

52 1201 53 1244 t
110 1189 182 1264 haec
202 1205 326 1268 nmen
344 1194 423 1268 laus
435 1196 562 1269 merito
577 1197 611 1270 ei
633 1196 767 1268 tributa
772 1249 787 1283 ,
812 1196 909 1294 quod
926 1194 1056 1272 relictis
1079 1209 1173 1272 cete·

111 1319 216 1370 rorum
242 1303 431 1375 sententiis
458 1329 588 1376 novam
617 1304 711 1376 viam
727 1315 816 1376 meat
835 1305 1032 1401 ingressus,
1059 1327 1174 1404 eoque

110 1401 293 1479 deduxisset
317 1407 576 1507 philosophiam
597 1407 661 1481 uhi
679 1435 809 1483 exaesa
822 1409 976 1508 pendeat
994 1406 1087 1500 sola,
1108 1435 1175 1486 nec

52 1595 53 1618 Χ
110 1513 291 1612 quidquam
310 1515 441 1590 habeat
458 1517 526 1588 nisi
541 1519 702 1591 notiones
714 1516 793 1592 illas
814 1529 975 1589 enatura
988 1517 1027 1586 in
1047 1517 1174 1588 animis

52 1619 53 1642 ³
110 1627 319 1704 adumbratas
343 1645 380 1706 et
410 1633 456 1706 ah
475 1635 573 1706 omni
601 1660 772 1706 sensuum
801 1635 1031 1734 perceptione
1052 1658 1175 1706 remo-

110 1746 149 1804 tas
168 1747 199 1807 ²⁹.
216 1738 348 1838 Itaque
374 1743 452 1838 ejus
469 1739 676 1838 exemplum
706 1739 897 1812 maximam
923 1739 995 1814 vim
1011 1737 1174 1812 habuisse

111 1839 233 1914 videtur
267 1846 309 1916 in
339 1847 568 1946 sequentium
607 1858 679 1916 tam
718 1844 1028 1944 Pythagoreorum
1065 1868 1175 1942 quam

110 1945 334 2024 Eleaticorum
358 1955 549 2048 rationem,
577 1953 641 2054 qui
659 1951 883 2052 quaestiones
913 1949 957 2020 ah
984 1947 1047 2020 illo
1070 1949 1176 2020 insti-

111 2065 186 2126 tutas
206 2057 252 2131 de
289 2085 414 2134 rerum
438 2061 613 2154 essentia,
645 2059 690 2134 de
717 2084 816 2150 uno,
849 2057 894 2130 de
927 2069 1097 2148 aeterno,
1129 2056 1175 2130 de

110 2159 272 2260 ahsoluto,
303 2167 470 2242 subtilius
501 2167 681 2266 persecuti
706 2177 853 2240 suntet
881 2161 1025 2264 plenius
1054 2161 1172 2264 expli-

109 2285 257 2344 cuerunt.

143 2469 209 2569 Qui
234 2497 323 2548 vero
351 2471 397 2545 de
419 2471 498 2546 Deo
521 2487 596 2546 tam
614 2476 795 2574 magnifice
814 2471 1006 2565 sentiebat,
1021 2472 1117 2544 idem
1136 2473 1175 2545 in

109 2597 211 2648 rerum
237 2591 370 2653 natura
395 2577 487 2652 nihil
510 2579 703 2652 admodum
729 2577 975 2680 praeclarum,
998 2575 1090 2650 nihil
1115 2605 1174 2652 ex-

52 2687 53 2692 ’
109 2679 225 2756 celsum
245 2697 393 2784 spectat.
417 2685 559 2760 Numen
579 2685 743 2760 divinum
766 2711 787 2760 e
806 2684 943 2756 mundo
967 2709 1083 2782 paene
1107 2683 1173 2757 tol-

108 2784 159 2879 lit;
182 2795 301 2866 omnia
329 2793 374 2868 ad
400 2793 604 2869 naturalem
635 2793 731 2884 vim,
759 2796 1023 2868 concretionem
1046 2806 1082 2866 et
1109 2819 1175 2868 ex-

109 2895 325 2996 halationem,
353 2903 479 2996 refert,
498 2929 542 2976 ex
567 2901 754 2976 oculorum
772 2927 878 2974 sensu
892 2903 1009 2974 omnia
1026 2901 1175 2998 judicat.

109 3001 189 3077 licet
211 3009 391 3108 quaedam
415 3011 614 3082 accuratius
643 3007 901 3108 exploraverit,
925 3009 965 3079 in
992 3007 1173 3108 plerisque

52 3137 53 3140 ¹
109 3119 211 3185 amen
236 3127 337 3188 extra
363 3113 530 3213 vulgares
554 3117 677 3190 aetatis
700 3141 786 3188 suae
813 3115 997 3214 opiniones
1021 3141 1094 3186 non
1123 3125 1176 3187 est

52 3291 53 3334 y
109 3241 308 3318 progressus.
336 3223 418 3318 Quo
434 3224 570 3296 factum
597 3235 659 3312 est,
689 3237 732 3295 ut
748 3223 786 3294 in
801 3221 951 3321 physicis
974 3219 1091 3294 multo
1107 3222 1175 3293 mi·

52 3339 53 3418 y
109 3347 216 3400 uorem
232 3355 343 3428 quam
360 3333 400 3402 in
416 3331 664 3430 metaphysicis
692 3328 757 3426 (ut
768 3329 836 3402 hoc
857 3329 966 3403 verbo
980 3329 1084 3426 utar)
1113 3353 1175 3401 oe*

110 3429 296 3511 lehritatem
318 3439 364 3510 sit
384 3429 547 3537 adeptus.
575 3438 619 3510 ln
641 3439 805 3536 utrisque
828 3436 1006 3512 diversam
1030 3445 1176 3509 secutus

141 3667 201 3749 (28)
216 3671 258 3731 Ut
277 3670 382 3752 judicat
403 3672 564 3734 Aristoteles
584 3671 713 3754 Metaph.
735 3671 766 3743 1,
788 3671 825 3744 5,
847 3691 874 3751 p.
898 3667 960 3747 648
979 3670 1011 3730 F.

145 3791 198 3874 (29)
220 3795 266 3854 Cf.
284 3795 369 3856 verba
390 3793 529 3856 Brandisii
546 3817 576 3878 p.
590 3796 636 3876 75.
657 3791 796 3854 Plutarch.
808 3795 838 3852 in
861 3790 964 3854 Strom.
983 3789 1058 3874 apud
1068 3792 1169 3854 Eoseb.

112 3873 194 3962 Praep.
214 3883 267 3943 Eu.
291 3905 321 3966 p.
345 3885 411 3959 23,
435 3887 459 3945 Δ
479 3909 486 3944 :
506 3883 652 3962 Ζυιφιῖνης
678 3887 690 3945 ἱ
716 3883 883 3964 Konopeion
911 3881 990 3942 idias
1016 3879 1076 3945 cerci
1107 3881 1170 3944 ills

112 3971 287 4052 sarapropim
307 3973 354 4036 eal
371 3979 584 4058 παρηλλιχυῖιι
602 3975 711 4062 naiores
732 3973 795 4038 roais
815 3975 1023 4058 προειρημένους.
