2942 4830
553 422 791 471 amoenam.
1145 403 1207 465 2³³

133 598 264 658 natura
288 585 443 658 Deorum
464 589 615 661 numina
636 573 834 662 et'tabutaa
853 589 1011 680 linxisse,
1031 613 1115 660 cum
1138 585 1209 660 Me·

133 705 275 780 nander
302 704 422 779 rhetor
448 721 596 782 testatur
612 699 672 802 5⁶,
701 725 780 784 tum
804 709 913 810 ipsius
933 735 1103 784 versuum
1124 709 1212 784 reli-

130 828 242 925 quiae
269 829 349 900 satis
370 827 537 901 indicant.

181 950 228 1020 In
251 948 317 1022 bac
337 963 457 1023 autem
475 949 595 1024 fabula
612 953 796 1053 lingenda,
815 947 1016 1024 Parmenidi
1032 964 1210 1026 auctorem

131 1071 246 1144 fuisse
262 1069 475 1162 Hesiodum,
499 1097 572 1144 non
597 1073 826 1172 improbabile
849 1085 902 1145 est
921 1079 976 1162 ³⁷,
989 1097 1210 1172 quamquam

131 1190 240 1265 ambo
260 1217 333 1266 non
351 1191 456 1290 plane
477 1194 570 1268 inter
592 1219 630 1268 se
651 1196 856 1286 concinunt.
906 1190 1076 1266 Hesiodus
1096 1191 1210 1266 solnm

130 1311 280 1385 induxit
310 1312 492 1405 Amorem,
520 1341 630 1414 quem
657 1317 772 1390 statim
796 1329 874 1414 post
897 1313 1010 1388 Chaos
1030 1337 1104 1386 una
1126 1337 1210 1386 cum

132 1431 283 1506 Tellure
316 1417 485 1510 cratinae
519 1455 656 1523 narrat,
692 1461 763 1508 nou
799 1435 943 1510 aliunde
976 1448 1117 1526 natum,
1150 1433 1211 1508 sed

125 1555 273 1648 prolem
283 1554 362 1626 sine
372 1568 488 1628 matre
499 1569 662 1630 creatam
669 1564 734 1650 3³⁸
751 1555 978 1632 Parmenides
992 1581 1074 1631 vero
1090 1555 1211 1628 Amori

131 1687 320 1771 parentem
339 1675 465 1750 tribuit
481 1679 610 1767 Deam,
635 1693 816 1777 potentem
837 1679 932 1752 illam
952 1693 988 1752 et
1008 1690 1211 1776 augustam,

132 1793 240 1894 cujus
261 1797 325 1868 etsi
346 1821 476 1872 nomen
501 1825 573 1872 non
592 1801 769 1899 designat,
808 1803 879 1876 vim
903 1816 1022 1874 tamen
1043 1813 1080 1871 et
1101 1811 1210 1870 natu·

133 1943 213 1990 ram
232 1918 343 2016 ipsius
362 1919 528 2018 operibus
548 1921 712 1996 ostendit.
750 1899 887 1996 Dicitur
903 1921 960 1994 illa
977 1921 1083 2016 μίξιοο
1099 1915 1212 2018 ἀρχῆ,

133 2039 290 2113 coeundi
316 2041 533 2140 principium
558 2044 631 2117 sive
656 2042 807 2117 Veneris
829 2043 1065 2132 desiderium,
1090 2065 1111 2113 e
1138 2065 1211 2139 quo

132 2187 235 2235 amor
247 2164 348 2261 quasi
364 2179 556 2262 prognatus
570 2179 633 2238 est.
684 2163 819 2238 Eadem
834 2191 917 2262 ergo
931 2178 984 2237 est
995 2187 1089 2262 quae
1104 2160 1211 2261 vulgo

134 2281 315 2383 Ἀφροδίτη
338 2299 456 2362 vocata
473 2301 510 2358 et
528 2313 548 2358 a
563 2286 677 2386 potitis
700 2299 736 2358 et
755 2284 967 2386 philosophis
979 2283 1072 2358 alma
1083 2296 1211 2357 natura

132 2433 264 2506 parem
279 2421 315 2480 et
332 2407 451 2506 regina
471 2406 667 2504 praedicata
684 2421 747 2480 est.
798 2408 851 2480 De
867 2405 933 2478 bac
945 2404 1102 2478 similiter
1118 2403 1212 2476 canit

135 2529 330 2628 Euripides
343 2537 405 2599 ³⁹:
441 2535 445 2542 '
1222 2511 1223 2516 ἵ

256 2649 303 2742 (δ’
326 2649 417 2728 ἐστὶν
441 2652 664 2748 (σπείρουσα
689 2651 746 2723 καὶ
771 2645 896 2724 clidat&
913 2641 1024 2746 ''Epaa‚

258 2767 296 2848 ai
318 2773 442 2856 πάντες
463 2771 563 2870 ἐσμὲν
586 2777 615 2848 oi
636 2772 729 2848 aurit
748 2769 841 2873 χθόν’
869 2775 1004 2872 ἐ’κγονοι.

135 2921 258 2997 neque
282 2910 424 2970 tantum
452 2895 639 2972 hominum
666 2911 711 2970 et·
730 2897 985 2988 animantium,
1019 2892 1079 2970 sed
1107 2896 1212 2970 totius

71 3049 75 3058 ·
135 3033 288 3093 naturae
308 3033 421 3092 mater
442 3033 478 3094 et
499 3021 664 3118 princeps
681 3017 895 3092 celebratur:

257 3141 365 3237 φοιτᾷ
386 3139 417 3218 <5⁹
440 3139 473 3217 ἓν
496 3139 609 3240 aldid,
633 3136 694 3216 alra
718 3137 746 3216 δ’
770 3137 803 3214 ἓν
826 3137 997 3240 θαλασσίῳ

257 3263 393 3342 malasar
414 3271 553 3364 Κύπρος,
572 3263 688 3340 πάντα
712 3260 739 3340 δ’
759 3261 797 3338 ἐκ
820 3268 941 3352 ταύτης
965 3265 1041 3356 ἐ’φυ.

136 3387 381 3487 Empedocles,
405 3390 443 3459 in
472 3385 593 3461 multis
620 3383 871 3458 Parmenidem
891 3381 1107 3473 aemulatus,
1140 3374 1213 3452 duo

135 3511 239 3612 fingit
263 3511 430 3602 numina,
461 3507 716 3582 Amicitiam
739 3519 776 3578 et
798 3502 1096 3593 Discordiam,
1120 3526 1214 3600 qua-

137 3657 222 3706 rum
259 3630 354 3704 illam
388 3633 584 3730 principem
619 3627 721 3720 facit,
760 3627 983 3727 eandemque
1021 3621 1214 3723 Ἀφροδίτην

170 3845 228 3915 (36)
261 3849 295 3900 Ut
311 3863 389 3916 supra
408 3845 534 3908 vidimus,
555 3861 580 3914 p.
598 3859 636 3894 οι.

172 3939 229 4006 (37)
263 3938 297 3990 Ut
317 3942 366 4005 jam
386 3937 624 3990 animadverterunt
646 3933 719 3985 Plato
729 3941 757 3984 et
768 3934 917 3988 Aristotelea
932 3935 1005 3988 citati
1014 3935 1061 3988 aab
1070 3951 1106 3985 vr.
1123 3935 1175 3987 r3r.

172 4027 229 4095 (38)
260 4026 385 4080 Hesiodus
401 4027 532 4094 Theogon.
552 4043 588 4078 va.
604 4037 665 4087 117,
680 4039 733 4076 rao.

172 4117 227 4186 (39)
258 4117 372 4188 Euripid.
389 4117 518 4187 ffippotya
537 4135 584 4172 rra.
603 4117 750 4182 (tlt-45⁰3
766 4115 811 4168 ubi
828 4126 904 4171 retro
922 4118 1000 4172 tertio
1020 4113 1085 4182 aias,
1105 4117 1216 4178 trudit,
