2840 4820
708 353 747 396 ott
769 349 960 397 moraturo

808 619 850 682 ll.

754 885 909 938 PHYSICA.

794 1107 867 1190 31.

343 1345 515 1421 Absoluta
539 1343 768 1443 Xenophanis
791 1346 965 1418 sententia
990 1343 1036 1418 de
1059 1344 1152 1436 Deo,
1175 1349 1244 1440 jam
1265 1341 1350 1414 dein·

294 1482 376 1554 ceps
410 1455 454 1528 ad
484 1453 611 1552 placita
648 1457 726 1546 ejus
761 1451 806 1525 de
837 1452 965 1524 mundi
999 1453 1135 1550 origine
1170 1463 1207 1523 et
1242 1449 1350 1521 rerum

294 1575 423 1635 natura
446 1561 642 1635 veniamus.
667 1560 763 1632 Haec
782 1570 905 1632 autem
928 1559 1139 1656 priusquam
1164 1555 1350 1644 ordiamur,

294 1667 589 1766 praecipiendum
610 1665 770 1755 ridetur,
789 1690 835 1738 ne
851 1666 890 1737 in
905 1665 1127 1764 Xenophane
1144 1671 1350 1760 exspectetur

293 1777 500 1849 continuata
518 1773 695 1872 quaedam
714 1773 933 1871 disputatio,
958 1799 1030 1872 qua
1058 1799 1182 1846 rerum
1205 1768 1350 1844 omniun

293 1893 460 1953 naturam
483 1891 520 1952 et
544 1879 720 1954 elementa
744 1879 789 1952 ad
816 1905 1000 1952 summum
1025 1877 1119 1952 illud
1150 1875 1351 1976 principium

294 1998 466 2084 tanquam
501 1985 639 2060 fontem
672 1985 871 2074 retulerit,
902 1986 1128 2082 rationesque
1156 1979 1351 2081 explicuerit

294 2093 426 2191 quibus
449 2092 609 2163 humana
634 2117 719 2164 cum
748 2092 877 2165 divinis
907 2093 1196 2190 constringantur
1220 2107 1350 2182 unaque

293 2201 329 2274 vi
352 2199 469 2268 omnia
486 2197 748 2269 contineantur.
764 2197 877 2291 Majus
890 2209 943 2271 est
958 2198 1024 2270 hoc
1041 2196 1236 2296 quiddam,
1255 2213 1350 2288 quam

292 2331 312 2376 a
338 2304 557 2403 Xenophane
584 2307 738 2402 ejusque
761 2317 876 2377 aetate
903 2306 1010 2402 possit
1034 2302 1236 2403 exspectari.
1258 2300 1350 2370 Vete-

293 2436 349 2484 res
371 2409 426 2482 illi
450 2435 673 2509 quamquam
696 2409 810 2482 multa
839 2410 1020 2506 praeclare
1048 2409 1248 2483 sentiebant
1270 2399 1350 2474 rnul-

292 2531 402 2617 taque
434 2517 623 2617 diligenter
652 2517 994 2615 perscrutabantur,
1024 2531 1148 2591 tamen
1179 2503 1350 2587 universae

291 2637 442 2698 naturae
471 2623 663 2697 vinculum
690 2649 968 2721 caussarumque
999 2625 1128 2696 seriem
1157 2621 1215 2697 vix
1244 2627 1351 2688 mente

291 2732 459 2828 suspicati
481 2743 588 2822 sunt,
612 2731 748 2803 nedum
774 2732 910 2804 ratione
931 2729 1196 2827 explicuerunt.
1218 2717 1350 2797 Eleatici

292 2835 500 2934 praesertim
523 2837 561 2907 iu
586 2836 693 2908 rebus
718 2838 847 2911 divinis
871 2835 1133 2910 considerandis
1160 2845 1350 2906 menterno

292 2941 452 3014 sensibus
477 2955 691 3035 avocantes,
721 2969 795 3042 quo
824 2942 930 3015 altius
960 2943 1006 3016 de
1036 2943 1111 3016 Deo
1140 2941 1349 3040 cogitarunt,

293 3073 336 3122 eo
362 3048 472 3146 magis
497 3073 623 3120 euma
651 3074 773 3122 rerum
797 3063 927 3122 natura
951 3061 1182 3148 segregarunt
1204 3057 1240 3119 et
1263 3037 1351 3141 quasi

292 3181 314 3229 e
338 3154 476 3228 mundo
503 3155 726 3228 sustulerunt
753 3155 871 3230 :hinc
899 3155 1100 3229 multorum
1133 3147 1351 3252 reprehensio

291 3265 388 3365 quod
420 3276 457 3336 et
489 3265 707 3362 principium
737 3289 861 3337 rerum
893 3263 1120 3338 sustulissent
1150 3288 1216 3335 nec
1245 3255 1352 3331 ullum

228 3437 235 3445 .
292 3371 519 3471 reliquissent
545 3374 781 3470 generationis
804 3371 935 3444 locum.
968 3373 1060 3471 Ergo
1080 3397 1153 3443 non
1178 3369 1305 3439 mirum
1328 3359 1352 3429 si

291 3479 437 3580 physica
451 3503 575 3553 eorum
593 3477 719 3575 placita
735 3505 755 3549 a
768 3478 1015 3578 metaphysicis
1028 3477 1134 3577 plane
1147 3477 1294 3549 fuerunt
1307 3465 1352 3538 di-

291 3611 390 3662 versa
420 3613 427 3658 :
458 3584 554 3684 apud
584 3585 848 3684 Xenophanem
880 3597 977 3658 certe
1010 3597 1152 3658 tantum
1185 3593 1236 3654 est
1269 3579 1353 3648 inter

291 3706 447 3792 utraque
473 3696 662 3768 discrimen
687 3709 751 3788 ut,
781 3695 836 3766 his
864 3693 1039 3786 contusis,
1070 3695 1184 3766 omnis
1218 3699 1352 3786 pertur-

292 3800 400 3875 betur
413 3807 444 3899 ej
451 3831 493 3877 us
512 3803 704 3894 sententia,
729 3827 850 3901 neque
867 3801 1075 3874 mirandum
1092 3803 1136 3874 sit
1152 3791 1350 3877 nonnullos,

240 3959 244 3968 «
294 3911 358 4005 qui
383 3907 468 3984 haec
498 3914 572 3982 non
600 3910 868 4000 discernerent,
898 3911 1074 3983 contraria
1102 3907 1209 4008 plane
1236 3915 1271 3976 et
1295 3897 1351 3970 ab·

248 4092 253 4100 ,
293 4013 400 4086 surda
418 4005 504 4088 eiam
528 4017 688 4089 statuisse
714 4014 900 4090 arbitratos
917 4041 1013 4107 esse;
1036 4015 1152 4094 veluti
1170 4007 1351 4086 Theodore-
