<?xml version="1.0" encoding="UTF-8"?>
<!DOCTYPE html PUBLIC "-//W3C//DTD XHTML 1.0 Transitional//EN"
    "http://www.w3.org/TR/xhtml1/DTD/xhtml1-transitional.dtd">
<html xmlns="http://www.w3.org/1999/xhtml" xml:lang="en" lang="en">
 <head>
  <title>
</title>
<meta http-equiv="Content-Type" content="text/html;charset=utf-8" />
  <meta name='ocr-system' content='tesseract 3.04.00' />
  <meta name='ocr-capabilities' content='ocr_page ocr_carea ocr_par ocr_line ocrx_word'/>
</head>
<body>
  <div class='ocr_page' id='page_1' title='image "./philosophorumgr01xenogoog_0091.png"; bbox 0 0 2870 4824; ppageno 0'>
   <div class='ocr_carea' id='block_1_1' title="bbox 501 366 1133 441">
    <p class='ocr_par' dir='ltr' id='par_1_1' title="bbox 501 366 1133 441">
     <span class='ocr_line' id='line_1_1' title="bbox 501 366 1133 441; baseline 0.003 -13"><span class='ocrx_word' id='word_1_1' title='bbox 501 387 680 441; x_wconf 70' lang='lat' dir='ltr'><strong>antiquare.</strong></span> <span class='ocrx_word' id='word_1_2' title='bbox 1088 366 1133 430; x_wconf 77' lang='lat'><strong>55</strong></span> 
     </span>
    </p>
   </div>
   <div class='ocr_carea' id='block_1_2' title="bbox 80 533 1130 746">
    <p class='ocr_par' dir='ltr' id='par_1_2' title="bbox 80 533 1130 746">
     <span class='ocr_line' id='line_1_2' title="bbox 81 533 1130 640; baseline -0.005 -27"><span class='ocrx_word' id='word_1_3' title='bbox 81 551 167 613; x_wconf 85' lang='lat' dir='ltr'><strong>crates</strong></span> <span class='ocrx_word' id='word_1_4' title='bbox 190 535 402 634; x_wconf 84' lang='lat' dir='ltr'><strong>iuXeuoph.</strong></span> <span class='ocrx_word' id='word_1_5' title='bbox 434 535 579 609; x_wconf 77' lang='lat' dir='ltr'><strong>Memor.</strong></span> <span class='ocrx_word' id='word_1_6' title='bbox 596 535 654 628; x_wconf 87' lang='lat'><strong>11,</strong></span> <span class='ocrx_word' id='word_1_7' title='bbox 683 559 760 634; x_wconf 88' lang='lat' dir='ltr'><strong>cap.</strong></span> <span class='ocrx_word' id='word_1_8' title='bbox 793 561 824 606; x_wconf 90' lang='lat'><strong>1.</strong></span> <span class='ocrx_word' id='word_1_9' title='bbox 851 535 882 632; x_wconf 81' lang='lat'><strong>§.</strong></span> <span class='ocrx_word' id='word_1_10' title='bbox 911 533 1130 640; x_wconf 40' lang='lat' dir='ltr'><strong>noqlaudat,</strong></span> 
     </span>
     <span class='ocr_line' id='line_1_3' title="bbox 80 645 403 746; baseline -0.012 -28"><span class='ocrx_word' id='word_1_11' title='bbox 80 645 314 746; x_wconf 78' lang='lat' dir='ltr'><strong>Epicharmus:</strong></span> <span class='ocrx_word' id='word_1_12' title='bbox 398 697 403 714; x_wconf 90' lang='lat'><em>.</em></span> 
     </span>
    </p>
   </div>
   <div class='ocr_carea' id='block_1_3' title="bbox 150 816 778 1011">
    <p class='ocr_par' dir='ltr' id='par_1_3' title="bbox 150 816 778 1011">
     <span class='ocr_line' id='line_1_4' title="bbox 151 816 738 880; baseline 0.005 -6"><span class='ocrx_word' id='word_1_13' title='bbox 151 851 244 862; x_wconf 91' lang='lat'><em>-</em></span> <span class='ocrx_word' id='word_1_14' title='bbox 281 849 380 861; x_wconf 92' lang='lat'><strong>-——</strong></span> <span class='ocrx_word' id='word_1_15' title='bbox 413 849 511 862; x_wconf 88' lang='lat'><strong>--</strong></span> <span class='ocrx_word' id='word_1_16' title='bbox 561 824 618 878; x_wconf 84' lang='grc' dir='ltr'><strong>τῶν</strong></span> <span class='ocrx_word' id='word_1_17' title='bbox 642 816 738 880; x_wconf 79' lang='grc' dir='ltr'><em>πόνων</em></span> 
     </span>
     <span class='ocr_line' id='line_1_5' title="bbox 150 909 778 1011; baseline -0.002 -23"><span class='ocrx_word' id='word_1_18' title='bbox 150 920 282 988; x_wconf 62' lang='lat' dir='ltr'><strong>immo</strong></span> <span class='ocrx_word' id='word_1_19' title='bbox 309 929 379 1010; x_wconf 67' lang='grc' dir='ltr'><strong>ἡμῖν</strong></span> <span class='ocrx_word' id='word_1_20' title='bbox 402 927 498 989; x_wconf 69' lang='grc' dir='ltr'><em>πάντα</em></span> <span class='ocrx_word' id='word_1_21' title='bbox 521 909 678 1011; x_wconf 69' lang='grc' dir='ltr'><em>τογονό</em></span> <span class='ocrx_word' id='word_1_22' title='bbox 705 921 778 988; x_wconf 71' lang='grc' dir='ltr'><strong>νον.</strong></span> 
     </span>
    </p>
   </div>
   <div class='ocr_carea' id='block_1_4' title="bbox 77 1095 1131 1386">
    <p class='ocr_par' dir='ltr' id='par_1_4' title="bbox 77 1095 1131 1386">
     <span class='ocr_line' id='line_1_6' title="bbox 78 1095 1131 1196; baseline 0.006 -30"><span class='ocrx_word' id='word_1_23' title='bbox 78 1097 351 1195; x_wconf 81' lang='lat' dir='ltr'><strong>luXenophauis</strong></span> <span class='ocrx_word' id='word_1_24' title='bbox 379 1123 487 1172; x_wconf 89' lang='lat' dir='ltr'><strong>versu</strong></span> <span class='ocrx_word' id='word_1_25' title='bbox 516 1121 738 1196; x_wconf 88' lang='lat' dir='ltr'><strong>quamquam</strong></span> <span class='ocrx_word' id='word_1_26' title='bbox 773 1107 872 1196; x_wconf 73' lang='grc' dir='ltr'><strong>χοόνῳ</strong></span> <span class='ocrx_word' id='word_1_27' title='bbox 901 1098 1037 1196; x_wconf 88' lang='lat' dir='ltr'><strong>optime</strong></span> <span class='ocrx_word' id='word_1_28' title='bbox 1064 1095 1131 1172; x_wconf 89' lang='lat' dir='ltr'><strong>de-</strong></span> 
     </span>
     <span class='ocr_line' id='line_1_7' title="bbox 77 1203 1130 1306; baseline 0.001 -30"><span class='ocrx_word' id='word_1_29' title='bbox 77 1205 151 1278; x_wconf 83' lang='lat' dir='ltr'><strong>fendi</strong></span> <span class='ocrx_word' id='word_1_30' title='bbox 175 1217 314 1304; x_wconf 86' lang='lat' dir='ltr'><strong>potest,</strong></span> <span class='ocrx_word' id='word_1_31' title='bbox 346 1219 468 1281; x_wconf 91' lang='lat' dir='ltr'><strong>tamen</strong></span> <span class='ocrx_word' id='word_1_32' title='bbox 501 1207 531 1278; x_wconf 87' lang='lat' dir='ltr'><strong>si</strong></span> <span class='ocrx_word' id='word_1_33' title='bbox 560 1216 638 1300; x_wconf 82' lang='grc' dir='ltr'><em>πόνῳ</em></span> <span class='ocrx_word' id='word_1_34' title='bbox 666 1203 874 1306; x_wconf 84' lang='lat' dir='ltr'><strong>legeretur,</strong></span> <span class='ocrx_word' id='word_1_35' title='bbox 910 1231 1033 1279; x_wconf 86' lang='lat' dir='ltr'><strong>versus</strong></span> <span class='ocrx_word' id='word_1_36' title='bbox 1056 1229 1130 1278; x_wconf 90' lang='lat' dir='ltr'><strong>non</strong></span> 
     </span>
     <span class='ocr_line' id='line_1_8' title="bbox 77 1311 326 1386; baseline 0.008 -4"><span class='ocrx_word' id='word_1_37' title='bbox 77 1311 144 1384; x_wconf 84' lang='lat' dir='ltr'><strong>bret</strong></span> <span class='ocrx_word' id='word_1_38' title='bbox 163 1311 326 1386; x_wconf 81' lang='lat' dir='ltr'><strong>deterior.</strong></span> 
     </span>
    </p>
   </div>
   <div class='ocr_carea' id='block_1_5' title="bbox 534 1543 637 1610">
    <p class='ocr_par' dir='ltr' id='par_1_5' title="bbox 534 1543 637 1610">
     <span class='ocr_line' id='line_1_9' title="bbox 534 1543 637 1610; baseline 0.019 -2"><span class='ocrx_word' id='word_1_39' title='bbox 534 1543 637 1610; x_wconf 86' lang='lat' dir='ltr'>XVII.</span> 
     </span>
    </p>
   </div>
   <div class='ocr_carea' id='block_1_6' title="bbox 76 1737 1129 1942">
    <p class='ocr_par' dir='ltr' id='par_1_6' title="bbox 76 1737 1129 1942">
     <span class='ocr_line' id='line_1_10' title="bbox 89 1737 1129 1942; baseline 0.002 -132"><span class='ocrx_word' id='word_1_40' title='bbox 89 1737 303 1942; x_wconf 34' lang='lat' dir='ltr'><strong>&amp;henaena</strong></span> <span class='ocrx_word' id='word_1_41' title='bbox 328 1741 393 1832; x_wconf 87' lang='lat'><strong>11,</strong></span> <span class='ocrx_word' id='word_1_42' title='bbox 422 1766 459 1839; x_wconf 91' lang='lat' dir='ltr'><strong>p.</strong></span> <span class='ocrx_word' id='word_1_43' title='bbox 487 1739 546 1831; x_wconf 80' lang='grc'><strong>54.</strong></span> <span class='ocrx_word' id='word_1_44' title='bbox 577 1741 817 1838; x_wconf 74' lang='grc' dir='ltr'><em>ΕεΞενοοάνης</em></span> <span class='ocrx_word' id='word_1_45' title='bbox 846 1751 862 1811; x_wconf 83' lang='grc' dir='ltr'><strong>ὁ</strong></span> <span class='ocrx_word' id='word_1_46' title='bbox 895 1745 1069 1840; x_wconf 72' lang='grc' dir='ltr'><em>Κολοφώνιος</em></span> <span class='ocrx_word' id='word_1_47' title='bbox 1098 1751 1129 1814; x_wconf 80' lang='grc' dir='ltr'><strong>ἐν</strong></span> 
     </span>
     <span class='ocr_line' id='line_1_11' title="bbox 76 1859 212 1941; baseline 0.015 -25"><span class='ocrx_word' id='word_1_48' title='bbox 76 1876 90 1916; x_wconf 80' lang='grc' dir='ltr'><em>ν</em></span> <span class='ocrx_word' id='word_1_49' title='bbox 122 1921 127 1941; x_wconf 44' lang='lat'><em>¹</em></span> <span class='ocrx_word' id='word_1_50' title='bbox 150 1859 212 1928; x_wconf 84' lang='grc' dir='ltr'><em>ίονς·</em></span> 
     </span>
    </p>
   </div>
   <div class='ocr_carea' id='block_1_7' title="bbox 143 2029 1069 2447">
    <p class='ocr_par' dir='ltr' id='par_1_7' title="bbox 143 2029 945 2128">
     <span class='ocr_line' id='line_1_12' title="bbox 143 2029 945 2128; baseline 0.001 -30"><span class='ocrx_word' id='word_1_51' title='bbox 143 2029 208 2126; x_wconf 77' lang='grc' dir='ltr'><strong>Ποίρ</strong></span> <span class='ocrx_word' id='word_1_52' title='bbox 230 2035 298 2128; x_wconf 67' lang='lat' dir='ltr'><strong>mapa*</strong></span> <span class='ocrx_word' id='word_1_53' title='bbox 319 2039 380 2126; x_wconf 78' lang='grc' dir='ltr'><strong>χρὴ</strong></span> <span class='ocrx_word' id='word_1_54' title='bbox 405 2041 520 2100; x_wconf 77' lang='grc' dir='ltr'><em>τοιαῦτα</em></span> <span class='ocrx_word' id='word_1_55' title='bbox 544 2031 640 2124; x_wconf 77' lang='grc' dir='ltr'><em>λέγειν</em></span> <span class='ocrx_word' id='word_1_56' title='bbox 665 2045 804 2122; x_wconf 82' lang='grc' dir='ltr'><em>χειμῶνος</em></span> <span class='ocrx_word' id='word_1_57' title='bbox 828 2037 859 2100; x_wconf 81' lang='grc' dir='ltr'><strong>ἐν</strong></span> <span class='ocrx_word' id='word_1_58' title='bbox 884 2031 945 2128; x_wconf 72' lang='grc' dir='ltr'><strong>ὥρῃ</strong></span> 
     </span>
    </p>

    <p class='ocr_par' dir='ltr' id='par_1_8' title="bbox 147 2134 1069 2339">
     <span class='ocr_line' id='line_1_13' title="bbox 147 2134 1069 2231; baseline -0.001 -25"><span class='ocrx_word' id='word_1_59' title='bbox 147 2143 174 2206; x_wconf 79' lang='grc' dir='ltr'><strong>ἐν</strong></span> <span class='ocrx_word' id='word_1_60' title='bbox 196 2137 278 2230; x_wconf 72' lang='grc' dir='ltr'><em>κλίνῃ</em></span> <span class='ocrx_word' id='word_1_61' title='bbox 301 2135 428 2231; x_wconf 73' lang='grc' dir='ltr'><em>μαλακῇ</em></span> <span class='ocrx_word' id='word_1_62' title='bbox 450 2143 674 2228; x_wconf 81' lang='grc' dir='ltr'><em>κατακείμενον,</em></span> <span class='ocrx_word' id='word_1_63' title='bbox 698 2134 824 2228; x_wconf 77' lang='grc' dir='ltr'><strong>ἔμπλεον</strong></span> <span class='ocrx_word' id='word_1_64' title='bbox 844 2134 944 2224; x_wconf 79' lang='grc' dir='ltr'><em>ὄντα,</em></span> <span class='ocrx_word' id='word_1_65' title='bbox 1065 2216 1069 2227; x_wconf 38' lang='grc' dir='ltr'>Ι</span> 
     </span>
     <span class='ocr_line' id='line_1_14' title="bbox 148 2235 922 2339; baseline -0.001 -29"><span class='ocrx_word' id='word_1_66' title='bbox 148 2249 257 2312; x_wconf 82' lang='grc' dir='ltr'><em>πίνοντα</em></span> <span class='ocrx_word' id='word_1_67' title='bbox 283 2245 389 2336; x_wconf 72' lang='grc' dir='ltr'><em>γλυκὺν</em></span> <span class='ocrx_word' id='word_1_68' title='bbox 414 2235 501 2329; x_wconf 70' lang='lat' dir='ltr'><strong>odon,</strong></span> <span class='ocrx_word' id='word_1_69' title='bbox 526 2235 714 2339; x_wconf 66' lang='lat' dir='ltr'><strong>absorpoiyour&#39;</strong></span> <span class='ocrx_word' id='word_1_70' title='bbox 739 2242 922 2338; x_wconf 59' lang='grc' dir='ltr'><em>ἐρεβίνθοις·</em></span> 
     </span>
    </p>

    <p class='ocr_par' dir='ltr' id='par_1_9' title="bbox 146 2343 1019 2447">
     <span class='ocr_line' id='line_1_15' title="bbox 146 2343 1019 2447; baseline 0.002 -31"><span class='ocrx_word' id='word_1_71' title='bbox 146 2356 185 2426; x_wconf 84' lang='grc' dir='ltr'><strong>τίς</strong></span> <span class='ocrx_word' id='word_1_72' title='bbox 207 2354 302 2420; x_wconf 61' lang='grc' dir='ltr'><em>πόθον</em></span> <span class='ocrx_word' id='word_1_73' title='bbox 327 2343 366 2428; x_wconf 82' lang='grc' dir='ltr'><strong>είς</strong></span> <span class='ocrx_word' id='word_1_74' title='bbox 391 2350 527 2445; x_wconf 53' lang='lat' dir='ltr'><strong>&amp;adfiatu</strong></span> <span class='ocrx_word' id='word_1_75' title='bbox 551 2357 628 2420; x_wconf 83' lang='grc' dir='ltr'><em>πόσοι</em></span> <span class='ocrx_word' id='word_1_76' title='bbox 653 2375 692 2418; x_wconf 85' lang='grc' dir='ltr'><strong>τοο</strong></span> <span class='ocrx_word' id='word_1_77' title='bbox 718 2347 771 2430; x_wconf 80' lang='grc' dir='ltr'><strong>ἔτη</strong></span> <span class='ocrx_word' id='word_1_78' title='bbox 797 2354 867 2436; x_wconf 52' lang='lat' dir='ltr'><strong>tet,</strong></span> <span class='ocrx_word' id='word_1_79' title='bbox 894 2355 1019 2447; x_wconf 78' lang='grc' dir='ltr'><em>φέρνςε;</em></span> 
     </span>
    </p>
   </div>
   <div class='ocr_carea' id='block_1_8' title="bbox 78 2448 854 2556">
    <p class='ocr_par' dir='ltr' id='par_1_10' title="bbox 78 2448 854 2556">
     <span class='ocr_line' id='line_1_16' title="bbox 78 2448 854 2556; baseline 0.01 -34"><span class='ocrx_word' id='word_1_80' title='bbox 78 2451 92 2522; x_wconf 84' lang='grc'>5</span> <span class='ocrx_word' id='word_1_81' title='bbox 148 2459 258 2537; x_wconf 82' lang='grc' dir='ltr'><em>πηλίκος</em></span> <span class='ocrx_word' id='word_1_82' title='bbox 286 2449 382 2544; x_wconf 66' lang='grc' dir='ltr'><em>ἦσθ’,</em></span> <span class='ocrx_word' id='word_1_83' title='bbox 406 2448 447 2528; x_wconf 71' lang='lat' dir='ltr'><strong>i&#39;d</strong></span> <span class='ocrx_word' id='word_1_84' title='bbox 471 2466 485 2526; x_wconf 82' lang='grc' dir='ltr'><strong>ὁ</strong></span> <span class='ocrx_word' id='word_1_85' title='bbox 511 2459 610 2540; x_wconf 78' lang='grc' dir='ltr'><em>Μῆδος</em></span> <span class='ocrx_word' id='word_1_86' title='bbox 634 2464 779 2556; x_wconf 72' lang='grc' dir='ltr'><em>άφίκετος</em></span> <span class='ocrx_word' id='word_1_87' title='bbox 804 2497 854 2511; x_wconf 90' lang='grc'><strong>-</strong></span> 
     </span>
    </p>
   </div>
   <div class='ocr_carea' id='block_1_9' title="bbox 76 2665 1132 2880">
    <p class='ocr_par' dir='ltr' id='par_1_11' title="bbox 76 2665 1132 2880">
     <span class='ocr_line' id='line_1_17' title="bbox 76 2665 1130 2771; baseline 0.006 -31"><span class='ocrx_word' id='word_1_88' title='bbox 76 2665 276 2770; x_wconf 81' lang='lat' dir='ltr'><strong>Quamquam</strong></span> <span class='ocrx_word' id='word_1_89' title='bbox 293 2671 459 2744; x_wconf 82' lang='lat' dir='ltr'><strong>carminis</strong></span> <span class='ocrx_word' id='word_1_90' title='bbox 475 2695 589 2771; x_wconf 85' lang='lat' dir='ltr'><strong>genus</strong></span> <span class='ocrx_word' id='word_1_91' title='bbox 603 2672 763 2768; x_wconf 66' lang='grc' dir='ltr'><strong>παρῳδῶν,</strong></span> <span class='ocrx_word' id='word_1_92' title='bbox 777 2681 821 2744; x_wconf 89' lang='lat' dir='ltr'><strong>ut</strong></span> <span class='ocrx_word' id='word_1_93' title='bbox 841 2695 950 2770; x_wconf 88' lang='lat' dir='ltr'><strong>supra</strong></span> <span class='ocrx_word' id='word_1_94' title='bbox 971 2671 1130 2746; x_wconf 84' lang='lat' dir='ltr'><strong>animad-</strong></span> 
     </span>
     <span class='ocr_line' id='line_1_18' title="bbox 76 2773 1132 2880; baseline 0.009 -35"><span class='ocrx_word' id='word_1_95' title='bbox 76 2778 230 2872; x_wconf 71' lang='lat' dir='ltr'><strong>vertimus,</strong></span> <span class='ocrx_word' id='word_1_96' title='bbox 240 2779 418 2880; x_wconf 79' lang='lat' dir='ltr'>posterius</span> <span class='ocrx_word' id='word_1_97' title='bbox 430 2773 650 2876; x_wconf 81' lang='lat' dir='ltr'>Xenophane</span> <span class='ocrx_word' id='word_1_98' title='bbox 663 2777 770 2850; x_wconf 82' lang='lat' dir='ltr'><strong>fuisse</strong></span> <span class='ocrx_word' id='word_1_99' title='bbox 794 2777 948 2872; x_wconf 82' lang='lat' dir='ltr'><strong>videtur,</strong></span> <span class='ocrx_word' id='word_1_100' title='bbox 962 2805 1036 2852; x_wconf 89' lang='lat' dir='ltr'><strong>nou</strong></span> <span class='ocrx_word' id='word_1_101' title='bbox 1049 2779 1132 2854; x_wconf 88' lang='lat' dir='ltr'><strong>ideo</strong></span> 
     </span>
    </p>
   </div>
   <div class='ocr_carea' id='block_1_10' title="bbox 76 2879 1244 2966">
    <p class='ocr_par' dir='ltr' id='par_1_12' title="bbox 76 2879 1244 2966">
     <span class='ocr_line' id='line_1_19' title="bbox 76 2879 1244 2966; baseline 0.011 -13"><span class='ocrx_word' id='word_1_102' title='bbox 76 2879 106 2954; x_wconf 86' lang='lat' dir='ltr'><strong>de</strong></span> <span class='ocrx_word' id='word_1_103' title='bbox 122 2883 243 2959; x_wconf 90' lang='lat' dir='ltr'><strong>horum</strong></span> <span class='ocrx_word' id='word_1_104' title='bbox 265 2911 439 2961; x_wconf 90' lang='lat' dir='ltr'><strong>versuum</strong></span> <span class='ocrx_word' id='word_1_105' title='bbox 461 2885 672 2958; x_wconf 86' lang='lat' dir='ltr'><strong>auctoritate</strong></span> <span class='ocrx_word' id='word_1_106' title='bbox 684 2885 928 2959; x_wconf 88' lang='lat' dir='ltr'><strong>dubitandum</strong></span> <span class='ocrx_word' id='word_1_107' title='bbox 949 2901 1013 2960; x_wconf 90' lang='lat' dir='ltr'><strong>est.</strong></span> <span class='ocrx_word' id='word_1_108' title='bbox 1032 2885 1130 2962; x_wconf 87' lang='lat' dir='ltr'><strong>Inest</strong></span> <span class='ocrx_word' id='word_1_109' title='bbox 1241 2953 1244 2966; x_wconf 93' lang='lat'>.</span> 
     </span>
    </p>
   </div>
   <div class='ocr_carea' id='block_1_11' title="bbox 76 2991 1216 3524">
    <p class='ocr_par' dir='ltr' id='par_1_13' title="bbox 76 2991 1216 3524">
     <span class='ocr_line' id='line_1_20' title="bbox 76 2991 1216 3094; baseline 0.004 -37"><span class='ocrx_word' id='word_1_110' title='bbox 76 3003 172 3063; x_wconf 84' lang='lat' dir='ltr'><strong>autem</strong></span> <span class='ocrx_word' id='word_1_111' title='bbox 195 2994 235 3065; x_wconf 90' lang='lat' dir='ltr'><strong>in</strong></span> <span class='ocrx_word' id='word_1_112' title='bbox 265 2993 321 3065; x_wconf 91' lang='lat' dir='ltr'><strong>his</strong></span> <span class='ocrx_word' id='word_1_113' title='bbox 351 2991 471 3066; x_wconf 88' lang='lat' dir='ltr'><strong>senilis</strong></span> <span class='ocrx_word' id='word_1_114' title='bbox 497 2991 677 3092; x_wconf 85' lang='lat' dir='ltr'><strong>quaedam</strong></span> <span class='ocrx_word' id='word_1_115' title='bbox 699 2991 937 3088; x_wconf 86' lang='lat' dir='ltr'><strong>jucunditas,</strong></span> <span class='ocrx_word' id='word_1_116' title='bbox 969 3018 1042 3092; x_wconf 93' lang='lat' dir='ltr'><strong>qua</strong></span> <span class='ocrx_word' id='word_1_117' title='bbox 1071 3020 1129 3094; x_wconf 84' lang='lat' dir='ltr'><strong>ag·</strong></span> <span class='ocrx_word' id='word_1_118' title='bbox 1213 3051 1216 3061; x_wconf 93' lang='lat'><em>.</em></span> 
     </span>
     <span class='ocr_line' id='line_1_21' title="bbox 77 3097 1131 3198; baseline 0.003 -28"><span class='ocrx_word' id='word_1_119' title='bbox 77 3117 191 3174; x_wconf 81' lang='lat' dir='ltr'><strong>nosoere</strong></span> <span class='ocrx_word' id='word_1_120' title='bbox 203 3100 357 3180; x_wconf 78' lang='lat' dir='ltr'><strong>¹videare</strong></span> <span class='ocrx_word' id='word_1_121' title='bbox 378 3106 522 3198; x_wconf 72' lang='lat' dir='ltr'><strong>potitum</strong></span> <span class='ocrx_word' id='word_1_122' title='bbox 542 3111 658 3174; x_wconf 85' lang='lat' dir='ltr'><strong>aetate</strong></span> <span class='ocrx_word' id='word_1_123' title='bbox 678 3101 754 3196; x_wconf 87' lang='lat' dir='ltr'><strong>jam</strong></span> <span class='ocrx_word' id='word_1_124' title='bbox 776 3097 1019 3196; x_wconf 78' lang='lat' dir='ltr'><strong>grandiorem,</strong></span> <span class='ocrx_word' id='word_1_125' title='bbox 1037 3113 1131 3198; x_wconf 90' lang='lat' dir='ltr'><strong>post-</strong></span> 
     </span>
     <span class='ocr_line' id='line_1_22' title="bbox 76 3205 1132 3306; baseline 0.007 -31"><span class='ocrx_word' id='word_1_126' title='bbox 76 3225 206 3299; x_wconf 81' lang='lat' dir='ltr'><strong>quamn</strong></span> <span class='ocrx_word' id='word_1_127' title='bbox 235 3207 387 3305; x_wconf 85' lang='lat' dir='ltr'><strong>negotiis</strong></span> <span class='ocrx_word' id='word_1_128' title='bbox 413 3221 451 3281; x_wconf 89' lang='lat' dir='ltr'><strong>et</strong></span> <span class='ocrx_word' id='word_1_129' title='bbox 484 3205 654 3306; x_wconf 88' lang='lat' dir='ltr'><strong>periculis</strong></span> <span class='ocrx_word' id='word_1_130' title='bbox 682 3205 728 3279; x_wconf 92' lang='lat' dir='ltr'><strong>ad</strong></span> <span class='ocrx_word' id='word_1_131' title='bbox 759 3207 921 3304; x_wconf 89' lang='lat' dir='ltr'><strong>quietem</strong></span> <span class='ocrx_word' id='word_1_132' title='bbox 948 3219 986 3280; x_wconf 83' lang='lat' dir='ltr'><strong>et</strong></span> <span class='ocrx_word' id='word_1_133' title='bbox 1015 3210 1132 3282; x_wconf 91' lang='lat' dir='ltr'><strong>otium</strong></span> 
     </span>
     <span class='ocr_line' id='line_1_23' title="bbox 77 3313 1131 3415; baseline 0.006 -31"><span class='ocrx_word' id='word_1_134' title='bbox 77 3325 144 3384; x_wconf 80' lang='lat' dir='ltr'><strong>met</strong></span> <span class='ocrx_word' id='word_1_135' title='bbox 163 3339 362 3415; x_wconf 84' lang='lat' dir='ltr'><strong>regressus,</strong></span> <span class='ocrx_word' id='word_1_136' title='bbox 384 3341 470 3390; x_wconf 92' lang='lat' dir='ltr'><strong>cum</strong></span> <span class='ocrx_word' id='word_1_137' title='bbox 486 3315 685 3414; x_wconf 81' lang='lat' dir='ltr'><strong>hospitibus</strong></span> <span class='ocrx_word' id='word_1_138' title='bbox 707 3313 1000 3388; x_wconf 71' lang='lat' dir='ltr'><strong>confabulantem</strong></span> <span class='ocrx_word' id='word_1_139' title='bbox 1017 3329 1054 3390; x_wconf 85' lang='lat' dir='ltr'><strong>et</strong></span> <span class='ocrx_word' id='word_1_140' title='bbox 1071 3343 1131 3390; x_wconf 89' lang='lat' dir='ltr'><strong>su-</strong></span> 
     </span>
     <span class='ocr_line' id='line_1_24' title="bbox 78 3420 1132 3524; baseline 0.003 -32"><span class='ocrx_word' id='word_1_141' title='bbox 78 3420 196 3514; x_wconf 86' lang='lat' dir='ltr'><strong>perioris</strong></span> <span class='ocrx_word' id='word_1_142' title='bbox 223 3425 347 3497; x_wconf 86' lang='lat' dir='ltr'><strong>aetatis</strong></span> <span class='ocrx_word' id='word_1_143' title='bbox 377 3449 433 3498; x_wconf 89' lang='lat' dir='ltr'><strong>res</strong></span> <span class='ocrx_word' id='word_1_144' title='bbox 462 3437 575 3524; x_wconf 85' lang='lat' dir='ltr'><strong>gestas</strong></span> <span class='ocrx_word' id='word_1_145' title='bbox 599 3424 772 3498; x_wconf 76' lang='lat' dir='ltr'><strong>memoria</strong></span> <span class='ocrx_word' id='word_1_146' title='bbox 797 3421 1017 3498; x_wconf 80' lang='lat' dir='ltr'><strong>recolentem</strong></span> <span class='ocrx_word' id='word_1_147' title='bbox 1046 3450 1054 3496; x_wconf 92' lang='lat'>:</span> <span class='ocrx_word' id='word_1_148' title='bbox 1087 3435 1132 3498; x_wconf 90' lang='lat' dir='ltr'><strong>ut</strong></span> 
     </span>
    </p>
   </div>
   <div class='ocr_carea' id='block_1_12' title="bbox 79 3701 1054 4156">
    <p class='ocr_par' dir='ltr' id='par_1_14' title="bbox 79 3701 1054 4156">
     <span class='ocr_line' id='line_1_25' title="bbox 79 3701 908 3796; baseline 0.002 -27"><span class='ocrx_word' id='word_1_149' title='bbox 79 3701 152 3770; x_wconf 73' lang='lat' dir='ltr'><strong>ivn.</strong></span> <span class='ocrx_word' id='word_1_150' title='bbox 172 3713 290 3774; x_wconf 81' lang='lat' dir='ltr'><strong>Hiemali</strong></span> <span class='ocrx_word' id='word_1_151' title='bbox 306 3725 431 3796; x_wconf 74' lang='lat' dir='ltr'><strong>tompore</strong></span> <span class='ocrx_word' id='word_1_152' title='bbox 449 3717 490 3774; x_wconf 85' lang='lat' dir='ltr'><strong>aie</strong></span> <span class='ocrx_word' id='word_1_153' title='bbox 507 3713 584 3793; x_wconf 89' lang='lat' dir='ltr'><strong>loqui</strong></span> <span class='ocrx_word' id='word_1_154' title='bbox 603 3711 737 3774; x_wconf 84' lang='lat' dir='ltr'><strong>convenit</strong></span> <span class='ocrx_word' id='word_1_155' title='bbox 759 3709 796 3772; x_wconf 79' lang='lat' dir='ltr'><strong>ad</strong></span> <span class='ocrx_word' id='word_1_156' title='bbox 813 3711 908 3773; x_wconf 80' lang='lat' dir='ltr'><strong>focum</strong></span> 
     </span>
     <span class='ocr_line' id='line_1_26' title="bbox 174 3803 736 3879; baseline 0 -17"><span class='ocrx_word' id='word_1_157' title='bbox 174 3803 249 3864; x_wconf 88' lang='lat' dir='ltr'><strong>molli</strong></span> <span class='ocrx_word' id='word_1_158' title='bbox 269 3805 299 3862; x_wconf 91' lang='lat' dir='ltr'><strong>in</strong></span> <span class='ocrx_word' id='word_1_159' title='bbox 316 3803 388 3865; x_wconf 80' lang='lat' dir='ltr'><strong>lecto</strong></span> <span class='ocrx_word' id='word_1_160' title='bbox 409 3803 557 3864; x_wconf 78' lang='lat' dir='ltr'><strong>cubantem</strong></span> <span class='ocrx_word' id='word_1_161' title='bbox 567 3847 576 3879; x_wconf 88' lang='lat'>‚</span> <span class='ocrx_word' id='word_1_162' title='bbox 595 3815 736 3877; x_wconf 87' lang='lat' dir='ltr'><strong>saturum,</strong></span> 
     </span>
     <span class='ocr_line' id='line_1_27' title="bbox 176 3887 969 3970; baseline -0.003 -18"><span class='ocrx_word' id='word_1_163' title='bbox 176 3889 255 3954; x_wconf 85' lang='lat' dir='ltr'><strong>dulce</strong></span> <span class='ocrx_word' id='word_1_164' title='bbox 273 3894 417 3956; x_wconf 84' lang='lat' dir='ltr'><strong>bibentem</strong></span> <span class='ocrx_word' id='word_1_165' title='bbox 435 3895 553 3970; x_wconf 83' lang='lat' dir='ltr'><strong>riuum,</strong></span> <span class='ocrx_word' id='word_1_166' title='bbox 574 3891 693 3954; x_wconf 86' lang='lat' dir='ltr'><strong>subinde</strong></span> <span class='ocrx_word' id='word_1_167' title='bbox 714 3893 805 3951; x_wconf 80' lang='lat' dir='ltr'><strong>cicera</strong></span> <span class='ocrx_word' id='word_1_168' title='bbox 825 3887 969 3951; x_wconf 84' lang='lat' dir='ltr'><strong>edentem:</strong></span> 
     </span>
     <span class='ocr_line' id='line_1_28' title="bbox 177 3979 1054 4063; baseline 0 -21"><span class='ocrx_word' id='word_1_169' title='bbox 177 3981 245 4058; x_wconf 87' lang='lat' dir='ltr'><strong>Quis</strong></span> <span class='ocrx_word' id='word_1_170' title='bbox 265 4004 295 4045; x_wconf 85' lang='lat' dir='ltr'><strong>es</strong></span> <span class='ocrx_word' id='word_1_171' title='bbox 314 3983 389 4045; x_wconf 84' lang='lat' dir='ltr'><strong>uude</strong></span> <span class='ocrx_word' id='word_1_172' title='bbox 407 3983 573 4045; x_wconf 72' lang='lat' dir='ltr'><strong>terrarum?</strong></span> <span class='ocrx_word' id='word_1_173' title='bbox 593 3995 661 4063; x_wconf 90' lang='lat' dir='ltr'><strong>quot</strong></span> <span class='ocrx_word' id='word_1_174' title='bbox 680 4001 768 4043; x_wconf 85' lang='lat' dir='ltr'><strong>annos</strong></span> <span class='ocrx_word' id='word_1_175' title='bbox 787 3979 873 4042; x_wconf 81' lang='lat' dir='ltr'><strong>babes</strong></span> <span class='ocrx_word' id='word_1_176' title='bbox 884 4027 893 4058; x_wconf 91' lang='lat'><strong><em>,</em></strong></span> <span class='ocrx_word' id='word_1_177' title='bbox 913 4001 931 4044; x_wconf 93' lang='lat' dir='ltr'><strong>o</strong></span> <span class='ocrx_word' id='word_1_178' title='bbox 950 3981 1054 4045; x_wconf 76' lang='lat' dir='ltr'><strong>bone?</strong></span> 
     </span>
     <span class='ocr_line' id='line_1_29' title="bbox 177 4071 957 4156; baseline 0 -22"><span class='ocrx_word' id='word_1_179' title='bbox 177 4085 289 4152; x_wconf 80' lang='lat' dir='ltr'><strong>quotum</strong></span> <span class='ocrx_word' id='word_1_180' title='bbox 308 4074 410 4156; x_wconf 84' lang='lat' dir='ltr'><strong>agebas</strong></span> <span class='ocrx_word' id='word_1_181' title='bbox 428 4095 552 4154; x_wconf 86' lang='lat' dir='ltr'><strong>aunum,</strong></span> <span class='ocrx_word' id='word_1_182' title='bbox 572 4071 685 4155; x_wconf 83' lang='lat' dir='ltr'><strong>quando</strong></span> <span class='ocrx_word' id='word_1_183' title='bbox 703 4071 805 4135; x_wconf 82' lang='lat' dir='ltr'><strong>Medus</strong></span> <span class='ocrx_word' id='word_1_184' title='bbox 824 4072 957 4137; x_wconf 76' lang='lat' dir='ltr'><strong>iurauit?</strong></span> 
     </span>
    </p>
   </div>
   <div class='ocr_carea' id='block_1_13' title="bbox 0 0 1440 4824">
    <p class='ocr_par' dir='ltr' id='par_1_15' title="bbox 0 0 1440 4824">
     <span class='ocr_line' id='line_1_30' title="bbox 0 0 1440 4824; baseline 0 0"><span class='ocrx_word' id='word_1_185' title='bbox 0 0 1440 4824; x_wconf 95' lang='lat' dir='ltr'><strong> </strong></span> 
     </span>
    </p>
   </div>
  </div>
 </body>
</html>
