2840 4820
468 349 685 396 curiosorum.
1051 339 1113 402 tlt

65 484 160 580 Itaque
185 493 227 553 ut
242 484 361 556 ceteri
378 481 596 582 philosophi,
620 483 704 558 licet
734 512 753 557 a
781 486 922 586 vulgari
948 491 1114 588 opinione

62 587 281 678 dissentirent,
313 613 544 662 communem
571 593 742 664 sermonis
765 619 871 668 usum
901 609 1113 690 servarunt,

13 725 14 754 ι
61 693 189 766 smiliter
204 694 455 790 Xenophanes
473 697 592 768 fecisse
612 698 796 794 putandus
809 713 871 772 est.
884 700 1113 800 Quamquam

13 833 14 836 ¹
60 801 141 896 hujus
161 804 382 876 sententiam
401 801 568 876 nonnulli
585 829 712 900 parum
735 805 926 904 diligenter
947 823 1011 882 aut
1032 837 1116 907 per-

59 933 131 980 rerse
161 909 397 1004 interpretati
430 911 624 1001 videntur,
657 925 699 982 ut
726 911 965 998 Plutarchus,
998 942 1116 1014 quum

59 1040 114 1086 eam
133 1015 178 1086 sic
202 1029 366 1112 exponat
392 1024 414 1062 ¹⁹
439 1042 447 1086 ε
473 1026 656 1114 ἀποφαιεται
693 1020 724 1088 δὲ
757 1027 808 1091 καί
844 1027 909 1116 περὶ
937 1028 1047 1112 scor,
1080 1037 1119 1105 ὡς

57 1123 156 1212 obturate
183 1133 342 1216 ἡγεμονίας
373 1127 518 1204 badacer
543 1125 698 1206 oionfod
728 1132 788 1222 γὰρ
817 1127 890 1200 deor
921 1131 1123 1212 δεσπίζεαὲαί

59 1257 102 1300 :na
125 1237 218 1300 Setis·
253 1233 429 1302 ἐπιδεῖσθαι
456 1259 487 1300 τε
515 1235 633 1324 μηδενὸς
662 1238 756 1304 αὐτῶν
790 1238 901 1327 μηδένα
932 1233 1004 1329 μήδ’
1032 1238 1117 1322 ὅλως.

57 1337 278 1433 Principatum
304 1363 388 1410 sane
411 1340 508 1410 inter
533 1340 623 1412 Deos
651 1339 745 1414 tollit
773 1341 1040 1438 Xenophanes,
1069 1349 1118 1420 ita

57 1455 87 1512 nt
108 1467 217 1514 unum
240 1443 350 1516 modo
374 1469 446 1516 esse
470 1445 590 1518 Deum
613 1459 769 1539 statuat,
794 1461 1009 1537 nontamen
1036 1451 1117 1548 plu-

58 1549 214 1621 reficiat
249 1575 355 1646 pares
378 1551 474 1624 inter
497 1551 588 1648 ipsos
612 1565 649 1624 et
672 1552 848 1652 aequales.
876 1555 944 1632 Sed
972 1556 1119 1630 Plutar-

13 1711 14 1744 3
58 1655 120 1726 chus
142 1655 383 1752 Xenophanis
406 1659 621 1732 sententiam
640 1661 847 1736 confuderit*
867 1661 1010 1738 tortasse
1036 1689 1120 1740 eum

59 1759 143 1834 nobili
166 1761 357 1858 Euripidis
381 1763 503 1854 dicto,
527 1765 624 1860 quod
658 1765 755 1842 idem
778 1765 863 1838 alibi
886 1765 1010 1844 laudnt
1039 1781 1086 1840 ²⁰:

131 1907 192 1985 ὥτ’
215 1915 335 1997 ἠξίωσα
359 1909 466 1983 πώποτ’
493 1913 557 1983 οὔτε
580 1921 733 2005 πείσομαι,

131 2013 188 2090 οὐδ’
214 2019 310 2090 ἄλλον
342 2017 467 2118 (θεὸν)
495 2018 585 2090 ἄλλα)
608 2022 749 2102 δεσπότην
776 2031 946 2120 reprobor·

130 2129 224 2196 δεῖται
252 2135 348 2222 γάρὸ
376 2132 466 2214 θεὸς,
494 2135 573 2223 εἴπερ
596 2119 641 2210 tg’
659 2125 750 2205 ὅντως
778 2134 869 2218 θεὸς,

13 2321 14 2326 ¹
132 2234 260 2310 αθενός·
280 2233 377 2302 ἀοιδῶν
396 2233 450 2302 etde
473 2233 587 2315 ὣςηνοι
613 2235 700 2326 λόγοι.

58 2389 110 2462 llos
128 2407 254 2466 autern
280 2419 402 2468 versus
424 2395 586 2490 quamvis
610 2392 713 2465 facile
729 2394 889 2486 credam,
910 2393 1138 2492 Euripidem

58 2497 372 2596 ophilosopborum
401 2499 718 2596 disputationibus,
746 2512 789 2570 ut
818 2499 933 2571 multa
962 2501 1054 2592 alia,
1083 2505 1122 2574 in
1154 2575 1160 2590 ,

58 2627 175 2676 uenam
200 2605 405 2704 protulisse,
430 2606 469 2675 in
490 2605 544 2676 his
577 2617 698 2676 tamen
722 2603 780 2678 vel
806 2604 918 2677 alium
938 2619 1123 2680 auctorem

58 2723 178 2784 scotus
198 2713 347 2786 videtur
368 2709 442 2800 vel,
466 2713 495 2782 si
522 2709 779 2808 Xenophanem
804 2723 948 2784 secutus
983 2715 1028 2786 sit
1060 2712 1124 2810 (ut

57 2817 231 2891 Brundisio
255 2816 420 2914 visum),
447 2827 469 2853 ²¹
495 2843 559 2889 sno
573 2817 719 2890 arbitrio
732 2819 946 2890 sententiam
972 2819 1122 2896 finxisse.

57 2917 193 2996 Liberior
234 2923 292 2996 hic
316 2928 504 3020 poetarum
527 2949 613 2996 usus
639 2923 898 3021 interpretibus
934 2929 972 2998 in
987 2929 989 2936 ⁴
1004 2925 1125 3024 expli-

58 3030 157 3104 candis
183 3029 481 3128 philosophorum
512 3027 649 3125 placitis
681 3030 801 3104 fraudi
836 3031 1021 3104 interdurn
1039 3033 1122 3108 fuit.

59 3133 225 3233 Euripidis
251 3161 334 3209 vero
352 3136 455 3207 dictis
477 3161 590 3232 poene
615 3137 838 3210 conveniunt
865 3163 1023 3235 eaquae
1050 3139 1128 3210 Xe-

89 3363 143 3448 (19)
166 3367 201 3425 ln
221 3363 327 3426 Strom.
349 3361 424 3445 apud
440 3361 542 3422 Euseb.
568 3363 667 3444 Praep.
694 3363 747 3422 Eo.
762 3363 796 3438 1,
818 3385 847 3447 p.
869 3363 908 3424 23
930 3361 963 3423 B.

90 3483 146 3558 (ao)
166 3481 281 3542 Hercul.
300 3482 356 3540 lor.
378 3503 406 3542 v.
434 3477 510 3555 1334
528 3500 587 3560 sqq.
611 3481 648 3540 cf.
668 3479 809 3540 Plutarch.
839 3481 874 3540 de
895 3499 1015 3562 repugu.
1044 3477 1129 3538 Stoic.

60 3589 80 3646 p.
110 3575 200 3648 1052,
225 3573 257 3634 E.
277 3572 403 3634 Socrates
424 3574 453 3634 in
481 3571 614 3652 Xenoph.
642 3569 729 3634 Mem.
757 3573 792 3647 1,
822 3571 861 3646 6,
883 3571 898 3652 S
920 3592 955 3630 10
983 3591 989 3624 ι
1022 3565 1069 3639 ’err'
1095 3567 1131 3628 dl

63 3659 144 3741 ιιμῖζι
168 3659 200 3724 cd
222 3661 272 3740 pris
292 3660 410 3740 pudoris
433 3663 556 3726 δἰἰιιθιιι
575 3663 648 3724 irin
672 3657 746 3724 ιῖιιιι.

93 3779 151 3852 (ιι)
172 3780 328 3840 Comment.
351 3778 439 3839 Eleat.
461 3801 490 3861 p.
513 3777 576 3859 67,
606 3779 671 3854 qui,
697 3788 792 3836 notata
824 3774 880 3834 hoo
901 3774 1055 3834 sentcntiae
1081 3773 1128 3833 di-

65 3865 197 3940 urnitate,
225 3869 281 3948 ipsi
308 3867 475 3948 Xenopbaoi
506 3865 536 3928 id
559 3866 680 3925 fortasse
708 3862 887 3924 tribuendum
917 3869 1010 3922 monet
1038 3883 1128 3922 :nam

64 3969 134 4026 quon
155 3957 243 4016 multa
266 3955 397 4018 edidisset
408 3959 547 4030 earmina,
568 3955 689 4035 potuisse
703 3973 765 4014 eum
785 3951 926 4012 interdum
946 3954 1053 4012 variare
1066 3973 1129 4012 sen-

13 4055 14 4098 t
68 4047 165 4107 tentiam
180 4060 209 4106 et
228 4045 264 4105 dc
285 4045 377 4107 eadem
402 4070 432 4108 re
452 4069 507 4107 non
520 4043 636 4125 'semper
655 4043 728 4105 idern
750 4041 850 4103 dicere.

886 4140 932 4237 9*
