2840 4820
489 322 665 376 ιιιιιιριιικιι.

158 497 258 570 ἑςοῐσιν
278 483 308 559 δ’
331 491 431 560 ἐλάται
459 495 571 560 πυκινὸν
593 497 658 587 περί
677 493 759 583 δῶμα
783 533 831 546 -

75 679 188 750 Versus
228 692 285 751 est
313 692 377 752 aut
402 693 626 778 pentameter
659 707 732 780 quo
757 682 942 755 interdum
971 709 1057 757 usus
1084 697 1137 758 est

70 784 281 885 Aeschylus,
314 799 378 859 aut
406 790 524 884 potius
549 789 754 892 hexameter
781 815 856 862 uno
879 791 971 888 pede
992 791 1138 864 mutila·

73 913 134 991 tus,
161 901 262 999 quod
290 913 449 974 metrum
481 905 669 1002 usurpavit
692 903 938 1002 Xenophanes.
966 905 997 974 E
1021 905 1138 979 verbis

72 1019 177 1078 autem
205 1006 413 1080 scholiastae
442 1023 660 1108 exspectares
687 1013 727 1082 in
753 1010 820 1082 hoc
851 1035 955 1085 versu
982 1015 1137 1084 mentio-

71 1137 141 1184 nem
166 1113 245 1185 fore
273 1133 329 1185 τῶν
355 1116 506 1209 βάκχαις
533 1118 593 1190 sed
623 1128 870 1190 memorantur
893 1119 1020 1203 ἐλάται,
1044 1141 1137 1214 quae

71 1219 118 1291 hic
145 1245 210 1317 pro
245 1227 378 1316 thyrsis
401 1223 474 1298 sive
499 1226 622 1316 βάκχας
651 1225 737 1322 poni
766 1223 936 1298 videntur
962 1249 970 1293 :
995 1223 1039 1296 cf.
1065 1225 1138 1296 Eu·

72 1327 126 1424 n'p.
150 1326 270 1425 Iphig.
300 1327 384 1399 Aul.
402 1354 453 1400 vs.
487 1330 589 1402 1058.
618 1331 808 1403 Caeterum
837 1355 910 1400 non
931 1329 1040 1426 magis
1070 1329 1140 1402 ob-

71 1459 181 1507 scurus
214 1447 270 1508 est
300 1435 492 1510 verborum
522 1463 644 1510 sensus
677 1447 786 1535 quam
820 1436 907 1512 Ievis
938 1436 1140 1510 scholiastae

73 1541 275 1632 auctoritas,
307 1543 368 1614 cui
397 1541 625 1640 Xenophanis
654 1543 747 1614 sitlos
774 1568 846 1614 non
872 1544 940 1614 nisi
967 1543 1058 1615 fama
1081 1544 1141 1614 in-

73 1649 214 1720 notuisse
236 1660 377 1720 certum
407 1661 469 1720 est.

527 1871 675 1937 XXVIII.

112 2081 321 2156 scholiastes
347 2080 390 2152 ad
414 2080 594 2178 Aristoph.
622 2079 701 2154 Pac.
729 2107 777 2155 vs.
796 2079 892 2179 696,
918 2081 982 2154 ubi
1005 2081 1067 2156 ille
1090 2085 1142 2153 si-

74 2189 214 2260 monidis
242 2199 279 2260 et
300 2185 481 2284 Sophoclis
503 2187 687 2258 avaritiam
706 2188 840 2286 tangit,
865 2187 953 2261 haec
972 2188 1142 2261 adnotat:

74 2305 85 2362 t
113 2295 272 2388 Σιμωνίδης
310 2294 483 2379 διεβέβλητο
518 2298 562 2363 ἐπί
594 2296 767 2390 φιλαργυρίᾳ
792 2347 802 2382 ,
840 2301 890 2362 καί
921 2299 968 2363 τὸν
1005 2299 1146 2394 Σοφοκλέα

73 2398 109 2470 ab
131 2401 237 2497 (λέγει
268 2395 520 2498 ὁἈριςοφάνης)
546 2401 595 2470 διὰ
619 2405 815 2498 φιλαργυρίαι
838 2409 955 2470 ἐοικέναι
985 2403 1028 2495 τῷ
1052 2409 1145 2494 Σιριο-

74 2509 138 2582 voh·
165 2513 287 2602 λέγεται
312 2508 343 2578 δὲ
370 2508 412 2577 ’ότι
443 2505 489 2600 (ὸ
518 2507 692 2603 Σοφοκλῆς)
716 2515 748 2577 ἐκ
776 2525 825 2589 τῆς
851 2518 1014 2601 ςρατηγίας
1042 2527 1091 2590 τῆς
1116 2515 1145 2578 έν

74 2619 347 2712 Σομῳὴργοριλιατο.
370 2613 540 2710 Χαριέντως
564 2613 595 2682 δὲ
619 2622 691 2682 πάνυ
719 2611 755 2707 (ὁ
776 2606 989 2710 Ἀριςοφοὶνης)
1014 2615 1145 2710 τῷλόγῳ

73 2721 169 2818 διέσυρε
207 2733 270 2798 τώς
307 2719 339 2805 β’
372 2721 550 2811 ίαμβοτιοιοὺς
592 2715 783 2812 (Σιμωνίδην
817 2725 867 2788 καί
906 2722 1061 2818 Σοφοκλῆ)
1095 2726 1147 2790 καί

74 2837 203 2918 μέμνηται
242 2827 286 2897 ὅτι
324 2829 520 2923 σμικρολόγοι·
556 2825 627 2896 ’ὅθεν
671 2827 916 2923 Ξενοφάνης
954 2829 1146 2918 κίμβικα

76 2936 190 3020 αὐτὸν
219 2938 425 3029 προςαγορεύει.
449 2931 673 3003 Postremum
699 2935 783 3001 αὑτὸν
808 2943 907 3028 patet
931 2931 975 3004 ad
999 2935 1146 3004 Simoni-

77 3037 138 3110 dem
149 3041 350 3138 pertinere,
364 3063 475 3136 quem
490 3039 736 3136 vituperatum
754 3063 826 3109 esse
839 3065 859 3108 a
876 3037 1096 3135 Xenophane
1109 3052 1147 3111 et

77 3149 192 3237 κίμβικα
219 3143 443 3243 appellatum
468 3144 566 3217 dicit.
597 3147 714 3236 Κίμβιξ
738 3143 871 3215 dicitur
900 3145 1086 3216 illiberalia
1109 3157 1147 3217 et

78 3258 254 3346 sordidus,
292 3255 392 3328 unde
427 3256 564 3347 κιμβεία,
598 3255 759 3346 κιμβικδς,
797 3254 949 3346 κιμβικείοι
988 3253 1146 3332 derivata

79 3374 173 3433 sunt:
189 3362 234 3434 cf.
248 3360 448 3434 Ilemsterh.
466 3360 510 3432 ad
522 3359 701 3458 Aristoph.
719 3359 816 3432 Plut.
830 3385 881 3432 vs.
902 3357 985 3458 591'‚
1004 3387 1039 3458 p.
1065 3387 1144 3459 ¹9¹·

79 3465 266 3541 Illiberales
292 3479 329 3540 et
349 3467 446 3542 avari
472 3466 662 3538 Simonidis
691 3491 805 3540 mores
835 3493 854 3538 a
883 3465 1008 3540 multis
1033 3469 1147 3538 notati
1218 3492 1220 3500 ·

79 3586 178 3667 sunt,
210 3585 275 3665 ut,
297 3585 438 3670 praeter
462 3573 761 3669 Aristophanem,
788 3597 808 3642 a
829 3571 1005 3662 Pindaro,
1030 3571 1146 3644 Theo-

81 3681 174 3774 crito,
197 3679 431 3771 Callimacho,
457 3677 551 3772 aliis,
576 3679 835 3776 Xenophanem
861 3680 1008 3754 veroin
1034 3679 1146 3750 Simo-

82 3787 193 3860 nidem
213 3787 307 3859 illud
321 3787 468 3880 dixisse,
503 3786 592 3859 mihi
616 3786 728 3885 ignoti
760 3773 963 3859 scholiastae
993 3787 1147 3859 auctori-

84 3904 127 3965 tas
154 3922 227 3969 non
252 3893 355 3968 facile
390 3895 603 3992 persuadet,
638 3918 753 3992 quum
780 3919 853 3965 non
883 3891 1067 3990 probabile
1102 3895 1147 3965 sit

85 4010 172 4096 tum,
207 4025 325 4102 quum
354 4004 508 4076 maxime
540 4001 682 4075 floreret
713 3998 909 4074 Simonides
940 4013 1146 4176 qppestum-

169 4110 198 4181 Ι.
