2870 4824
487 327 667 384 uuonan.

567 555 608 622 V.

102 731 146 806 ad
167 729 330 833 vulgares
343 732 390 806 de
403 731 477 807 Diis
496 733 680 834 opiniones
703 731 915 810 refellendas
930 734 1115 834 pertinent

71 863 172 931 renus,
191 864 281 940 quos
298 837 464 914 Clemens
480 839 583 915 Alex.
603 842 729 917 eodem
747 841 823 916 loon
839 865 913 942 quo
929 841 1054 942 fragm.
1077 839 1114 934 1,

70 947 246 1044 interpositis
270 946 390 1022 verbis
410 955 461 1020 και·
488 953 601 1044 πάλιν,
631 950 796 1050 profert:

131 1102 218 1182 'tite
235 1111 335 1208 βροτοὶ
358 1111 480 1184 tetum
500 1117 586 1193 θεώς
611 1118 778 1208 γεννᾶσθαι
852 1152 902 1168 ..-

135 1225 180 1300 τὴν
200 1225 342 1315 σφετέρην
367 1212 397 1290 δ’
413 1224 527 1303 ἐσθῆτα
550 1219 631 1314 ἔχειν
657 1231 750 1319 φωνήν
772 1243 803 1290 τε
823 1219 913 1311 δέμας
934 1243 977 1288 τε.

68 1369 134 1442 llaec
144 1383 191 1444 est
207 1369 356 1471 vulgata
369 1370 475 1447 lectio
495 1373 594 1473 apud
614 1373 855 1465 Clementem,
873 1381 912 1444 et
930 1369 996 1468 qui
1014 1369 1114 1442 huno

67 1474 232 1576 decripsit,
252 1477 466 1552 Eusebium.
497 1479 577 1554 Sed.
595 1481 635 1553 in
656 1479 811 1556 Florent.
832 1477 990 1552 editione
1015 1475 1113 1574 prior

66 1579 161 1656 borum
185 1609 362 1668 versuum
385 1587 434 1660 sic
455 1583 620 1687 legitur:

129 1725 206 1804 'All'
225 1745 250 1806 oi
268 1737 367 1834 βροτοὶ
387 1737 494 1810 duum
519 1745 684 1834 γεννᾶσθαι
710 1743 806 1817 θεοὺς.

66 1907 129 1982 qnae
153 1885 256 1960 lectio
286 1913 483 1963 numerum
511 1889 595 1962 lecit
617 1888 814 1961 iambicum
840 1911 849 1958 :
878 1881 1043 1958 similiter
1070 1881 1112 1954 in

65 1992 115 2064 cod.
134 1993 234 2067 Paris.
267 1997 340 2068 nisi
359 1997 457 2095 quod
492 2022 558 2095 pro
580 1997 688 2068 δοκῶσι
712 1993 822 2067 habet
844 1995 975 2064 δοκέωσι.
1002 1986 1113 2086 Apud

64 2097 291 2177 ueodoretum
302 2102 428 2178 Graec.
444 2103 558 2177 effect.
572 2115 686 2176 curat.
700 2100 888 2194 Sermlll,
900 2123 937 2196 p.
951 2093 1106 2196 d9Sylb.

64 2207 242 2307 hirenus,
268 2239 360 2313 quoe
388 2241 409 2288 a
437 2213 624 2287 Clemente
648 2213 799 2304 sumsit,
828 2210 877 2284 sic
902 2209 1110 2310 leguntur:

130 2355 203 2431 Ἀλλ’
222 2372 246 2433 ol
264 2365 361 2461 βροτοὶ
377 2363 483 2434 δοκοῦσι
507 2367 674 2458 γεννᾶσθαι
689 2362 798 2447 bouis,

130 2477 176 2539 ut
189 2478 255 2554 ἴσην
284 2465 308 2540 τ’
332 2477 473 2553 αἴσθησιν
500 2469 585 2564 ἔχειν
609 2480 703 2570 φωνήν
728 2495 760 2538 τε
779 2467 872 2560 δέμας
894 2491 938 2536 τε.

63 2623 130 2702 llaec
148 2631 342 2705 verborum
359 2655 670 2731 numerorumque
698 2625 922 2730 perturbatio
949 2621 1109 2698 indicare

63 2735 198 2832 ridetur,
224 2741 391 2815 confusos
419 2767 493 2815 esse
520 2765 643 2819 versus
670 2741 806 2834 varios3
837 2737 980 2810 fortasse
1011 2729 1111 2831 quod

64 2841 266 2946 Xenophanis
278 2875 422 2926 versum
438 2875 524 2923 oum
537 2848 645 2924 simili
659 2848 751 2923 alius
769 2853 897 2946 poetae
911 2843 1006 2918 dicto
1021 2865 1109 2940 per-

65 2957 276 3044 nutaverint,
313 2967 357 3030 ut
384 2955 626 3044 arbitrabatur
653 2953 894 3056 Sylburgius3
926 2961 1109 3023 caeterum

65 3060 145 3133 serior
160 3064 309 3138 videtur
324 3089 398 3138 esse
416 3063 562 3163 vulgata
580 3063 775 3138 Clementis
792 3061 909 3134 lectio.
928 3057 989 3131 Vs.
1010 3081 1024 3128 1
1045 3079 1106 3128 ex·

66 3173 144 3240 tana
169 3183 275 3268 parte
293 3170 446 3244 mutilus
474 3183 545 3266 est,
575 3169 615 3242 in
642 3195 692 3246 vs.
717 3195 739 3241 2
760 3161 787 3241 δ
810 3173 924 3249 ἐσθῆτα
949 3163 1030 3257 ἔχειν
1047 3185 1109 3234 re-

65 3289 167 3372 pugnat
199 3289 332 3370 metro,
360 3291 398 3352 et
432 3289 525 3378 φωνὴν
559 3303 690 3376 parum
726 3273 954 3368 commodum
999 3267 1108 3344 babet

62 3401 195 3477 sensum,
223 3384 275 3457 sie
298 3384 410 3483 igitur
435 3383 703 3458 emendandum
725 3394 843 3482 puto:

127 3523 220 3602 Ἀλλὰ
247 3533 341 3627 βροτοὶ
361 3533 482 3603 δδκέωσι
505 3535 589 3612 &eois
610 3536 774 3626 γεννᾶσθαι
847 3569 897 3583 -

130 3647 177 3722 τὴν
197 3649 335 3739 σφετέρην
357 3645 473 3723 ἐσθῆτα
492 3633 517 3710 τ’
537 3640 618 3733 ἔχειν
638 3649 745 3738 μορφήν
766 3665 798 3708 τε
820 3637 909 3730 δέμας
935 3661 978 3704 τε.

63 3925 86 3988 l.
101 3935 131 3992 n
146 3937 274 3998 mortales
293 3939 444 4018 opinantur
465 3947 545 3994 natos
564 3953 623 3994 esse
641 3929 735 4005 Deos,

97 4024 249 4106 mortalique
266 4025 365 4088 habitu
381 4039 409 4086 et
424 4027 515 4088 forme
533 4036 561 4085 et
571 4023 660 4105 figura
677 4017 827 4102 praeditos.
