2966 4824
244 473 248 480 Ι
303 389 365 452 172
520 353 524 360 ⁴
698 401 746 448 nn
769 399 984 484 ramerum

296 591 413 667 quum
449 577 486 639 et
519 589 660 650 unum
696 591 771 663 esse
806 579 952 656 statuat,
986 563 1158 665 idemque
1180 577 1321 640 totum
1343 581 1378 642 et

295 687 555 762 continuum
580 667 745 785 appellet.
800 688 1012 778 Foteamur,
1039 684 1295 760 Parmenidem
1313 685 1378 760 has

296 809 454 882 notiones
471 805 530 902 ἓν,
552 809 667 902 Ἅλον,
691 811 895 910 συνεχές,
914 810 1036 882 minos
1052 807 1378 903 claredefinirisse,

295 930 489 1030 minusque
514 929 658 1030 proprie
681 956 888 1030 usurpasse:
919 928 1112 1008 verborum
1136 932 1236 1004 enim
1258 933 1377 1005 inter-

294 1054 444 1150 pretatio
468 1067 505 1128 et
534 1054 726 1127 notionum
753 1053 911 1128 delinitio
937 1067 1019 1127 tum
1045 1053 1209 1128 nondum
1231 1065 1375 1128 tractate

295 1188 383 1247 erat.
432 1175 469 1248 Si
492 1189 613 1250 tamen
637 1175 816 1274 exipsius
835 1199 945 1250 sensu
959 1171 1068 1250 verba
1084 1174 1379 1275 interpretemur,

294 1293 397 1370 facile
421 1297 487 1371 ista
511 1298 605 1370 inter
621 1295 849 1370 seconciliari
862 1308 1021 1396 possunt.
1056 1293 1149 1370 Nam
1160 1320 1228 1369 nec
1239 1321 1374 1372 unum

294 1422 342 1495 iu
374 1421 493 1496 stricta
516 1419 699 1514 definivit,
735 1433 779 1493 ut
812 1419 912 1494 Plato
938 1433 976 1494 et
992 1419 1195 1496 Aristoteles
1214 1423 1373 1512 faciunt,

295 1569 416 1644 neque
439 1556 581 1616 totum
601 1556 638 1617 et
659 1544 926 1618 continuum
945 1569 987 1617 eo
1007 1556 1115 1618 sens'u
1132 1545 1283 1644 accepit,
1300 1571 1373 1646 quo

273 1664 345 1764 ¹illi
386 1663 685 1763 interpretantur:
730 1666 903 1765 significat
942 1664 979 1737 id
1015 1664 1114 1768 quod
1152 1667 1307 1766 simplex
1336 1679 1374 1740 et

284 1784 500 1870 'uniusmodi
523 1800 561 1860 et
579 1789 636 1862 sui
654 1787 767 1862 simile
786 1785 832 1861 sit
849 1813 1002 1888 semper.
1034 1790 1209 1882 Quocirca
1226 1791 1292 1862 ista
1313 1815 1373 1862 re·

295 1909 492 2008 pugnantia
512 1910 621 2010 magis
639 1911 677 1983 in
693 1909 810 1987 verbis
825 1935 935 2012 quam
953 1910 991 1982 in
1003 1911 1176 1984 sententia
1188 1912 1299 2010 posita
1308 1925 1370 1984 est.

219 2068 222 2076 ·
343 2027 456 2102 Aliter
489 2055 575 2104 vero
608 2031 713 2106 multi
741 2032 970 2130 interpretes,
997 2028 1206 2131 praesertim
1227 2033 1372 2106 seriores

294 2149 464 2226 Platonici
486 2163 523 2224 et
543 2149 777 2246 Aristotefici,
800 2149 895 2225 illius
914 2153 1127 2227 seutentiam
1147 2154 1372 2254 interpretari

294 2301 335 2349 ac
352 2273 449 2348 tueri
473 2286 559 2348 sunt
578 2273 705 2346 conati.
757 2272 948 2366 Fatentur‚
967 2273 1066 2376 quod
1087 2273 1188 2348 Plato
1216 2289 1255 2348 et
1283 2275 1373 2347 Aris

294 2396 416 2471 toteles
432 2391 552 2492 ajunt,
570 2392 664 2469 ‘troo
680 2407 717 2467 et
731 2397 911 2495 πννεχὶν
925 2397 1083 2494 partium
1099 2379 1372 2468 multitudinem

293 2517 503 2618 significare3
524 2517 651 2591 eodem
665 2500 752 2592 vero*
768 2543 876 2593 sensu
897 2508 1016 2618 ipsum
1038 2515 1292 2591 Parmenidem
1308 2519 1371 2592 ista

293 2639 463 2744 vocabula
475 2663 666 2737 usurpasse
686 2637 831 2731 volunt,
847 2639 913 2714 hoc
928 2639 1088 2715 videlicet
1098 2639 1370 2740 significantem²

293 2784 357 2833 ens
383 2783 458 2831 esse
480 2741 685 2856 supremam
707 2761 871 2834 omnium
898 2777 1082 2856 naturam,
1123 2765 1261 2862 inqua
1284 2788 1370 2836 oon-

292 2877 398 2950 traria
423 2901 546 2975 rerum
568 2901 698 2977 genera
718 2877 794 2950 unia
811 2881 881 2952 sint
900 2879 1145 2979 complexione
1163 2882 1369 2975 constricta,

292 3025 368 3074 uuo
394 2997 537 3075 vinculo
561 2996 829 3098 comprehensa:
856 2999 939 3075 hinc
961 3027 1095 3076 unum
1117 3027 1181 3076 ens
1200 3003 1368 3103 idemque

291 3120 481 3196 multum
508 3134 603 3194 recte
627 3118 672 3193 ab
697 3145 740 3194 eo
765 3122 971 3222 praedicari.
1034 3122 1232 3198 Audiamus
1265 3127 1367 3225 ipsos.

290 3242 455 3317 Proclus:
494 3240 757 3342 ὁΠνρμενὶδνς,
791 3245 927 3346 inquit,
962 3248 999 3322 le
1020 3273 1060 3322 πε
1084 3255 1143 3321 τοῦ
1169 3247 1256 3329 ἑνὸς
1280 3249 1368 3327 ὄντος

291 3359 356 3442 οἵδε
379 3368 418 3442 πὸ
442 3359 597 3458 πλῆθός
620 3369 659 3442 rt
682 3369 790 3458 νοητὸν
811 3369 938 3466 προϊὸν,
962 3372 1020 3446 set
1040 3371 1102 3468 πρὶν
1120 3375 1182 3446 πεῖν
1204 3375 1366 3445 πολλῶν

289 3491 386 3566 ὄντων
398 3491 436 3566 ri
445 3491 482 3567 ta
490 3475 530 3565 'tv'
543 3487 716 3588 ίδρύμενον.
730 3501 857 3566 πολλοῦ
871 3492 937 3590 ἄρα
946 3489 1127 3593 δεῖ(ννύπδν)
1135 3495 1174 3568 τὸ
1184 3501 1364 3594 πανταχοῦ

289 3611 442 3704 πλῆθος
467 3611 656 3711 ἀνατρέπειν
681 3609 740 3690 διὰ
764 3615 820 3706 τὶν
837 3624 896 3688 ποῦ
915 3615 998 3696 ἑνὸς
1016 3617 1106 3698 ὄντος
1126 3613 1211 3692 θέσιν
1228 3628 1305 3692 κτλ
1321 3623 1360 3668 ⁷⁴
1438 3649 1441 3654 ¹

288 3737 414 3838 Itaque
450 3735 601 3830 eodem,¹
631 3735 728 3836 quod
770 3735 830 3811 ille
867 3764 1008 3812 unum
1045 3737 1214 3838 appellat,
1260 3735 1362 3811 simul

288 3880 461 3954 generum
489 3859 750 3935 varietatem
777 3859 950 3934 contineri
980 3873 1111 3960 censet.
1161 3857 1218 3934 Jo.
1244 3855 1362 3930 Philo·

318 4069 369 4132 <rit
402 4070 507 4122 Procius
521 4072 547 4122 in
565 4073 649 4124 Perm.
668 4075 696 4126 Τ.
715 4075 765 4136 tv,
782 4092 806 4144 p.
827 4093 871 4128 rar
892 4079 992 4130 Gouoiu.
1010 4075 1042 4132 cl.
1054 4084 1219 4130 commentar.
1231 4073 1263 4128 ad
1275 4090 1310 4126 ra
1321 4073 1358 4135 lt.
