3000 4844
618 445 775 498 ostensu.
900 485 914 506 .,
1212 507 1215 514 Ι
1262 407 1303 500 38

185 643 277 693 neve
288 617 443 718 vulgaris
457 631 493 690 te
505 615 724 690 consuetudo
735 617 884 718 rogatio
895 641 1020 718 vagam
1031 617 1163 692 hanooe
1179 615 1287 712 viam,

184 737 365 813 attendere
388 760 505 812 caecos
528 737 647 811 oculos
671 753 708 811 et
732 737 873 813 obtusas
897 763 1001 812 aures

108 858 166 933 55.
181 883 394 959 vooemque5
417 859 479 933 aed
504 861 638 933 ratione
661 856 779 958 judica
803 859 1145 960 argumentationem

181 1011 201 1056 a
226 1003 280 1056 me
303 981 528 1081 propositam.
567 981 650 1053 Una
676 979 786 1082 igitur
809 957 1130 1081 argumentationis.
1145 983 1203 1057 via

180 1123 304 1201 restat,
330 1131 393 1181 ene
417 1131 509 1200 esse3
533 1109 572 1180 in
595 1135 669 1209 qua
695 1107 824 1180 indioia
848 1110 973 1182 insunt

178 1227 380 1328 permulta,
404 1227 607 1329 ingenitum
631 1227 721 1301 illud
745 1255 819 1304 esse
843 1244 880 1302 et
903 1229 1102 1302 immortale

180 1363 296 1423 totum
320 1349 591 1450 unigenamque
615 1363 652 1421 et
675 1349 853 1424 immobile
877 1365 985 1449 atque
1009 1377 1186 1450 perenne;

104 1471 164 1545 60.
179 1497 253 1544 non
270 1471 340 1545 fuit
355 1469 441 1543 olim
461 1494 581 1568 neque
597 1471 681 1563 erit,
699 1473 869 1570 quoniam
882 1496 984 1546 nuno
995 1485 1048 1544 eet
1061 1471 1170 1547 simul
1179 1501 1304 1562 omne,

179 1621 299 1669 unum
320 1594 546 1666 continuum.
572 1593 692 1682 Quam
709 1591 808 1664 enim
825 1595 1009 1667 materiem
1025 1593 1103 1694 ejus
1114 1593 1305 1670 invenies?

183 1715 299 1808 unde,
323 1737 396 1816 qua
420 1712 557 1784 ratione
581 1711 727 1784 ortum?
763 1735 809 1790 ex
833 1727 905 1785 non
930 1729 1013 1786 ente
1036 1739 1104 1788 neo
1127 1715 1244 1792 dicere
1269 1732 1305 1791 te

179 1847 291 1916 sinam
315 1865 383 1914 neo
407 1839 569 1936 cogitare:
585 1860 684 1922 ,nam
711 1861 784 1910 nec>
801 1835 869 1910 dici
893 1863 960 1912 nec
984 1840 1128 1938 cogitari

182 1978 297 2063 potest
320 1987 391 2034 non
417 1983 504 2032 esse.
555 1959 659 2052 Quae
683 1973 807 2032 autem
830 1961 883 2040 tia
905 1959 995 2030 illud
1019 1965 1200 2036 excitasset
1242 2055 1247 2064 Ι

105 2085 167 2160 65.
181 2099 223 2158 ut
246 2096 324 2184 post
348 2083 458 2178 magis
481 2105 590 2178 quam
616 2093 698 2152 ante
722 2103 794 2150 non
819 2101 884 2150 ens
907 2079 1112 2153 exsisteret?

183 2201 362 2305 Ergonel
387 2227 460 2274 esse
483 2201 632 2273 omnino
656 2199 713 2275 vel
737 2225 810 2274 non
835 2224 909 2274 esse
931 2223 1074 2273 neeesse
1098 2215 1161 2274 est.

182 2327 257 2402 Nec
279 2349 455 2425 umquam
479 2347 501 2397 e
526 2347 599 2395 non
624 2337 708 2396 ente
731 2323 913 2420 permittet
936 2319 1016 2394 fidei
1040 2323 1093 2398 vis

182 2443 463 2550 fieriqnidquam
472 2441 822 2544 praeterensipsum.
841 2443 1013 2535 Quocirca
1022 2459 1222 2517 necnatum
1233 2469 1306 2520 esee

183 2603 249 2651 nec
273 2578 418 2649 interire
441 2569 531 2646 illud
556 2571 637 2643 sinit
660 2569 809 2671 justitia,
834 2571 984 2644 remissis
1011 2570 1181 2664 vinculis,

108 2729 167 2800 70.
182 2697 243 2772 sed
267 2695 415 2770 cohibet.
449 2691 627 2766 Iudicium
653 2703 774 2762 autem
797 2689 842 2763 de
867 2691 921 2763 his
944 2692 982 2762 in
1007 2691 1114 2764 hoece
1132 2693 1303 2790 positum:

183 2835 247 2894 aut
261 2833 315 2892 eet
324 2830 470 2890 autnon
481 2827 544 2888 est.
583 2811 662 2883 Jarn
679 2835 763 2885 vero
779 2810 964 2886 decretum
975 2827 1039 2903 est,
1052 2815 1143 2886 sicut
1155 2839 1306 2907 neeesse,

582 3023 667 3045 .==..
690 3023 804 3047 auu-oua
839 3025 843 3033 ι

117 3181 172 3232 vu,
188 3175 269 3230 δρῶ
281 3181 357 3242 (τινα
374 3179 425 3241 γὰρ
441 3175 540 3240 γίγνῃ
554 3195 584 3208 -·
598 3169 702 3234 φῦναι)
713 3167 809 3234 repelli
823 3165 964 3233 simpllfilil!
981 3165 1055 3232 Pitye.
1072 3167 1091 3216 s·
1105 3167 1138 3226 34
1154 3170 1181 3218 Β.
1199 3164 1307 3217 Essfflm

85 3287 166 3338 unque
188 3267 221 3320 ad
243 3267 276 3331 64
294 3270 348 3320 init.
368 3269 452 3332 (ἔστιν
470 3268 539 3322 ὅπως
558 3263 607 3314 oris
628 3260 698 3330 lore)
717 3258 786 3312 idem
805 3255 838 3309 de
857 3255 934 3310 coelo
953 3255 1022 3326 ap'ud
1042 3257 1150 3324 l’eyron.
1171 3268 1198 3324 p.
1216 3255 1249 3308 56
1268 3273 1307 3326 tq·

117 3447 171 3498 Vn.
195 3442 273 3512 50-69
299 3445 430 3498 &aurien
450 3445 507 3498 adv.
535 3443 648 3497 l’latonie
666 3443 780 3496 Caiomn.
798 3439 842 3494 11,
869 3451 907 3486 tt.
930 3435 949 3486 l.
966 3435 995 3486 ³1
1020 3437 1045 3485 B.
1064 3434 1101 3486 ita
1121 3433 1181 3486 tecit
1204 3435 1312 3487 latinos:

213 3533 358 3601 lngmiturn
374 3537 477 3604 qnando
496 3545 548 3596 est.
572 3533 605 3584 tit
627 3543 654 3585 et
672 3526 818 3582 immortale
836 3540 957 3584 nemea,
1210 3521 1219 3542 ·’

214 3625 368 3690 unigenum,
383 3627 532 3686 immotum,
552 3625 723 3677 immensum,
746 3620 799 3670 eine
822 3614 873 3665 fine
893 3629 1024 3682 perenne,

214 3714 283 3782 quod
301 3721 423 3764 necerat
442 3729 489 3764 neo
509 3713 577 3774 erit,
598 3718 683 3761 totum
702 3724 771 3757 nuno
792 3721 845 3758 esse
867 3703 999 3754 latendum
1018 3709 1072 3762 eet,

218 3820 314 3867 unum,
334 3804 491 3855 continuum.
527 3801 593 3852 Nam
613 3813 692 3868 quem
712 3799 766 3862 rius
786 3793 880 3846 dixeris
902 3789 1012 3843 ortum?

215 3899 266 3947 Aut
284 3911 336 3964 quo
358 3889 483 3946 tandem!
504 3898 549 3942 aut
569 3883 657 3938 unde?
673 3899 721 3938 neo
742 3901 774 3945 en
791 3901 844 3934 non
865 3891 924 3934 ente
943 3877 1087 3949 putantium
1109 3887 1164 3940 ειη

217 3985 271 4036 Nee
288 3983 339 4036 diei
359 3998 405 4034 ore
423 3987 523 4050 potent,
542 3987 630 4029 nostra
650 3988 697 4040 nee
720 3981 805 4052 mente
827 3971 941 4030 revolvi,

218 4073 292 4132 Quod
310 4071 374 4123 nihil
392 4077 438 4121 est.
471 4070 537 4121 Nam
556 4065 618 4136 quid
638 4072 696 4134 post
715 4063 800 4134 ipsum
820 4063 880 4114 lecit
898 4060 961 4112 oriri

220 4165 269 4214 lut
288 4159 381 4230 priua?
415 4159 485 4210 Entis
509 4159 577 4210 enim
596 4173 648 4208 non
667 4163 728 4207 sunt
749 4151 889 4221 primordia
907 4149 991 4218 primi.

1120 4211 1176 4284 3¹⁶v
