2870 4824
309 317 369 394 20,
753 335 948 379 xmornarrs

308 494 626 586 φῶνοςκτίσιν,
656 486 746 560 item
781 493 827 557 τὸν
857 496 897 566 εἷς
926 481 1075 557 Ἐλέαν
1102 496 1175 570 τὴν
1200 480 1377 570 Ἰταλίας

309 602 551 690 ἀποικισμὸν
567 593 760 671 celebravit
769 593 806 688 ⁴⁰,
820 595 876 677 ἔπη
889 597 1036 689 δισχιλια,
1053 608 1097 669 ul
1110 608 1209 669 nolet
1218 597 1378 698 Diogenes

307 705 346 776 L.
359 706 436 796 IX,
458 730 513 778 ιο.
532 704 669 776 Eodem
694 705 879 802 pertinent
892 705 1074 796 carmina,
1094 704 1227 802 quibus
1250 705 1294 778 de
1316 713 1378 780 Deo

306 825 345 885 et
368 812 414 884 de
438 837 561 886 rerum
585 823 717 883 natura
740 811 827 908 egit,
854 809 995 908 aliaque
1019 812 1058 881 in
1080 811 1213 908 quibus
1233 811 1289 885 vel
1307 839 1377 886 suas

308 919 493 1017 opiniones
529 915 730 1015 explicaret
758 915 816 992 vel
854 915 1008 989 aliorum
1034 915 1163 1014 placita
1189 918 1376 1012 refutaret,

258 1065 267 1074 ν
305 1039 351 1098 ut
381 1025 542 1097 indicant
572 1027 805 1125 lragmenta,
838 1049 932 1123 quae
964 1025 1092 1122 passim
1122 1024 1220 1123 apud
1252 1038 1377 1100 veteres

306 1144 566 1206 memorantur.

292 1241 295 1251 “
351 1233 540 1335 Έλεγείαι.
555 1239 631 1311 Ηοο
646 1238 811 1310 carminis
819 1263 933 1336 genus
944 1237 1177 1335 Xenophanis
1189 1249 1300 1312 aetate
1311 1265 1376 1311 non

305 1346 416 1445 magis
440 1345 483 1417 ad
510 1345 621 1416 animi
644 1369 769 1418 sensus
792 1344 1013 1443 affectusque
1037 1344 1250 1436 movendos,
1276 1369 1376 1443 quam

305 1454 349 1527 ad
378 1453 581 1526 docendum
614 1453 910 1550 monendumque
954 1463 1031 1525 erat
1061 1451 1283 1544 adhibitum,
1324 1479 1375 1527 re·

303 1559 375 1633 luti
392 1571 492 1657 patet
510 1586 555 1632 ex
578 1558 732 1658 elegiaco
752 1557 889 1632 Solonis
919 1559 1094 1652 carmine,
1116 1583 1190 1656 quo
1211 1558 1255 1631 de
1276 1559 1375 1631 Athe·

304 1667 486 1738 niensium
513 1666 698 1764 republica
730 1665 895 1763 exposuit
919 1663 955 1734 ⁴¹.
999 1664 1225 1761 Xenoplranis
1254 1663 1375 1764 elegiae

304 1771 394 1847 varii
415 1773 569 1845 luerunt
588 1773 794 1870 argumenti
819 1773 1012 1874 variaeque
1038 1770 1188 1863 indolis,
1212 1771 1312 1844 modo
1326 1798 1376 1846 se·

302 1881 482 1968 veriores,
499 1879 605 1952 modo
621 1877 828 1970 hilariores,
851 1880 973 1975 prouti
990 1905 1045 1951 res
1060 1879 1260 1978 postularet
1273 1906 1281 1952 :
1296 1877 1376 1952 aliae

304 1986 350 2059 ad
385 1987 632 2060 conviviorum
673 1985 802 2084 gaudia
845 1985 1154 2080 accommodatae,
1196 1986 1284 2059 aliae
1319 1997 1375 2059 aut

303 2094 348 2166 ad
373 2092 550 2166 docendos
570 2093 733 2166 homines
759 2105 825 2164 aut
854 2092 899 2164 ad
919 2091 1132 2166 refellendos
1154 2106 1191 2168 et
1212 2095 1375 2192 perstrin-

302 2201 434 2300 gendos
449 2201 683 2297 compositae,
702 2200 760 2272 uti
784 2199 997 2297 fragmenta,
1022 2225 1116 2298 quae
1139 2227 1183 2274 ex
1205 2203 1372 2275 Athenaeo

301 2307 395 2379 infra
421 2305 638 2399 retulimus,
661 2306 831 2378 indicant.
855 2305 950 2378 Haec
967 2317 1091 2379 autem
1105 2309 1263 2380 carmina
1279 2333 1373 2406 saepe

301 2415 454 2487 fuerunt
473 2412 646 2513 longiora,
661 2413 794 2513 quibus
811 2409 916 2510 plura
939 2425 1152 2511 argumenta
1169 2441 1243 2488 uno
1259 2415 1371 2488 ordine

299 2521 577 2618 explicarentur.

346 2623 511 2721 Ἰάμβοι.
543 2627 773 2725 Quamquam
807 2624 977 2699 nonnulli
1001 2641 1196 2725 putarunt,
1227 2629 1369 2720 iambos,

299 2760 458 2834 quorum
477 2747 619 2832 praeter
634 2735 830 2833 Diogenem
843 2733 969 2806 nullus
982 2748 1148 2810 veterum
1161 2741 1371 2812 mentionem

298 2842 446 2933 fecerit,
472 2839 557 2912 salso
597 2840 813 2940 Xenophani
841 2839 1059 2939 Colophonio
1088 2844 1242 2945 tributes
1273 2871 1370 2934 esse,

298 2959 336 3020 et
359 2948 479 3046 potius
505 2947 550 3020 ad
577 2949 738 3019 Medium
769 2947 1052 3046 Xenophanem,
1078 2975 1190 3049 quem
1213 2955 1371 3048 ἰαμβόγρα-

297 3085 345 3154 pn
370 3057 544 3158 Diogenes
569 3054 749 3154 appellat,
775 3081 848 3128 esse
874 3057 1078 3130 referendos
1092 3057 1139 3151 ⁴²,
1162 3060 1305 3136 videtur
1326 3071 1371 3130 ta-

297 3163 459 3235 menhoe
471 3168 613 3261 poeseos
625 3189 738 3262 genus
784 3162 994 3262 Colophonii
1007 3165 1152 3264 ingenio
1164 3179 1202 3239 et
1220 3165 1371 3240 moribus

296 3293 371 3342 non
397 3268 557 3342 alienum
574 3271 692 3344 fuisse.
718 3189 873 3343 thica
888 3271 1001 3369 poesis
1025 3274 1146 3370 epieae
1161 3275 1370 3374 antiquitate

336 3481 400 3564 (4ο)
423 3482 576 3542 Civitatem
601 3483 743 3564 origines,
765 3481 870 3545 arthur
881 3529 890 3562 ,
912 3505 929 3544 a
948 3482 1041 3544 multis
1061 3486 1150 3566 poetis
1169 3483 1310 3565 quondam
1331 3503 1372 3544 ce·

295 3573 421 3636 lehratae
440 3577 564 3634 luerunt.
584 3576 627 3635 cf.
651 3575 763 3635 Jcnsius
782 3575 942 3657 descriptt.
963 3575 1029 3637 hist.
1046 3575 1116 3658 phil.
1140 3579 1170 3654 l,
1187 3589 1328 3654 .12,sect.
1344 3575 1370 3636 5.

336 3666 401 3743 (dr)
422 3665 489 3726 vid.
511 3664 629 3726 Baebius
650 3665 684 3726 de
704 3666 807 3727 Solone
826 3689 854 3748 p.
877 3667 924 3728 25.

333 3754 396 3831 (42)
422 3756 457 3816 ld
482 3757 613 3836 suspicati
638 3769 703 3816 sunt
728 3757 842 3818 llossius
867 3757 1023 3816 Comment.
1047 3757 1138 3818 Laert.
1164 3769 1193 3816 et
1213 3757 1370 3818 Fiilleborn.

292 3841 410 3902 Dissert.
433 3844 468 3903 dc
489 3845 619 3926 chcpli.
638 3845 775 3906 laudatia
792 3845 901 3906 Fabric.
923 3846 943 3905 l.
959 3847 978 3904 l.
999 3847 1073 3906 Huic
1090 3859 1254 3927 argumento
1271 3843 1370 3929 opponi

291 3943 384 4012 posset
408 3931 484 4010 quod
511 3935 595 3992 etiarn
621 3935 750 3996 Lesbium
777 3934 981 4016 Xenophanem
1001 3935 1095 3995 nullus
1115 3949 1243 3998 veterum
1265 3946 1370 4018 praeter

290 4019 444 4098 Diogenem
459 4023 633 4084 memoravit.
660 4025 705 4084 cf.
730 4045 801 4107 quae
828 4023 910 4088 docte
932 4037 960 4085 et
984 4024 1125 4107 eleganter
1149 4026 1185 4088 de
1207 4048 1241 4088 eo
1264 4024 1370 4086 disserit

291 4109 431 4172 Cominus
455 4133 485 4194 p.
510 4110 549 4190 24
569 4133 612 4193 sq.
1181 4103 1190 4128 ’
