2840 4820
506 344 721 390 rmnosorurs.
1085 323 1149 390 139

88 507 139 567 aut
159 494 284 568 leviter
305 507 449 568 tantum
470 508 616 569 tractata
637 507 751 568 sunt:
772 496 895 593 itaque
917 496 1152 596 Xenophanes

88 615 121 675 ot
145 601 187 674 de
211 602 287 674 Deo
312 603 468 677 studiose
497 603 763 702 philosophatus
790 617 864 694 est,
890 605 937 675 ita
967 605 1006 676 in
1027 629 1152 677 rerum

85 721 198 782 natura
222 710 461 807 praedicande
483 711 668 810 vulgarem
694 711 768 782 lere
791 722 935 783 secutus
958 723 1011 784 est
1036 717 1154 810 poeta·

85 843 153 890 rum
168 819 401 915 opinionem,
421 833 466 894 ut
489 821 582 892 inlra
598 819 808 893 videbimus.
829 819 932 892 Nunc
947 819 1014 892 alia
1031 821 1155 910 adhuc,

84 927 278 1021 exponenda
304 939 358 998 est
379 927 424 999 de
452 927 681 1025 Xenophanis
710 927 786 999 Deo
815 928 1001 999 sententia.

121 1033 314 1132 Diogenes,
334 1036 400 1132 qui
424 1033 522 1109 illius
557 1035 687 1133 placita
719 1033 823 1107 nullo
846 1035 971 1107 ouline
995 1047 1033 1107 et
1066 1061 1150 1108 con·

83 1141 148 1214 fuse
176 1142 314 1231 refert,
344 1142 392 1212 ita
419 1167 504 1214 eum
529 1143 674 1215 sensisse
706 1143 755 1214 ait
781 1153 805 1192 ⁷⁷
830 1169 838 1212 :
863 1145 958 1212 οὐσίαν
988 1143 1046 1211 Sei
1066 1171 1153 1240 apac-

81 1251 179 1344 peuaii,
205 1250 298 1340 μηδὲν
322 1248 411 1340 ὅμοιον
442 1249 566 1342 ἔχωσαν
592 1257 753 1348 ὢνθρώπῳ·
789 1249 854 1322 iios
884 1250 916 1320 δὲ
950 1247 1028 1344 (τὸν
1056 1249 1154 1348 θεὸν)

82 1365 139 1450 ὁρᾶν
161 1361 211 1423 καὶ
233 1354 301 1425 ἕλον
326 1363 452 1446 ἀκούειν,
479 1368 519 1448 μὴ
542 1368 635 1449 μέντοι
661 1368 813 1428 ἀναπνεῖν·
841 1364 996 1449 σύμπαντά
1020 1384 1052 1426 τε
1080 1353 1153 1426 εἶναι

84 1463 120 1530 νῖν
142 1469 190 1530 καὶ
212 1471 373 1559 φρόνησιν,
397 1470 447 1532 καὶ
469 1465 567 1534 ἀΐδιον.
586 1464 682 1536 Haec
703 1464 833 1562 partim
852 1465 1048 1535 concinunt
1067 1489 1153 1536 cum

84 1567 215 1664 iisquac
239 1566 288 1638 ah
300 1566 379 1639 aliis
391 1567 502 1640 relata
515 1569 671 1644 vidimus
683 1597 694 1662 3
708 1571 815 1642 eliam
827 1569 910 1660 hoc,
927 1569 1024 1668 quod
1041 1577 1151 1644 Deua·

83 1681 203 1767 spirare
227 1688 359 1771 negat,
380 1687 530 1772 potesta
549 1676 776 1774 Xenophane
794 1678 994 1773 proiectum
1018 1677 1152 1769 videri,

82 1803 141 1876 quo
174 1780 410 1876 significaret,
435 1781 510 1854 Deo
536 1781 627 1851 nihil
654 1808 727 1854 esse
753 1807 948 1853 commune
972 1807 1057 1853 eum
1078 1783 1149 1853 ani·

82 1885 247 1958 nantium
268 1897 420 1974 natura,
449 1911 543 1984 quae
567 1889 698 1984 spiritu
715 1889 938 1984 potissimum
966 1890 1152 1962 contineu-

82 2005 139 2064 tur.
163 1991 265 2063 Haec
288 1995 385 2063 enim
406 1994 526 2090 opinio
548 2017 622 2065 non
644 2005 787 2065 tantum
809 1993 920 2090 vulgo
941 1993 1002 2066 sed
1025 2021 1045 2065 a
1065 2019 1153 2065 non-

83 2099 177 2172 nullis
192 2103 306 2172 ctiam
329 2099 546 2199 philosophis
565 2113 641 2174 crat
661 2100 861 2190 celebrata,
878 2102 1087 2199 praesertim
1106 2101 1151 2173 ah

83 2207 297 2280 Anaximene
321 2209 386 2306 qui
406 2233 529 2280 rerum
548 2209 712 2280 omnium
729 2208 948 2306 principium
964 2207 1075 2306 idque
1093 2207 1153 2279 di-

83 2313 197 2386 vinum
220 2319 344 2387 ae'rem
368 2339 442 2386 csse
465 2316 626 2405 censuit,
644 2315 898 2412 mundumque
915 2339 1060 2386 omnem
1078 2314 1153 2410 spi-

83 2421 141 2492 ritu
172 2422 360 2494 contineri.
389 2419 506 2513 Quam
538 2422 743 2517 opinionem
771 2448 790 2493 a
826 2421 1046 2518 Xenophane
1080 2422 1152 2491 im-

82 2527 257 2623 probatam
286 2553 384 2617 esse,
416 2541 699 2601 consentaneum
735 2541 788 2601 est
817 2529 852 2599 ⁷⁸.
892 2529 996 2622 Quod
1031 2539 1155 2601 eutem

82 2633 231 2734 adjungit
253 2635 371 2707 Deum
394 2647 511 2706 toturn
525 2659 600 2708 esse
615 2637 664 2706 aia
690 2639 740 2704 aaa*
764 2645 914 2734 φρόνησιν,
941 2635 1007 2706 hoc
1023 2659 1154 2733 quam-

82 2740 122 2810 ris
141 2742 391 2839 antiquiorum
413 2743 624 2816 auctoritate
642 2741 808 2815 retulerit
827 2753 871 2832 ⁷⁹,
885 2754 1004 2814 tamen
1022 2765 1152 2838 parurn

115 3003 173 3086 (77)
193 3001 270 3062 lhid.
292 3003 426 3082 Diogenis
448 3002 666 3078 testimouium,
684 3013 715 3060 ut
734 3001 913 3084 plerumque,
934 3001 1082 3084 exscripsit
1096 3001 1154 3061 He-

84 3090 148 3170 tyeh.
172 3093 268 3153 Miles.
287 3114 316 3174 p.
334 3095 396 3164 31,
419 3092 464 3150 ed.
486 3093 591 3151 Meurs.

117 3221 176 3304 (78)
198 3223 339 3284 Plutarch.
357 3223 432 3284 Plac.
451 3221 520 3306 phil.
544 3225 577 3300 l,
595 3226 622 3284 3.
642 3236 710 3283 sect.
732 3245 770 3305 7,
790 3225 827 3282 ef.
846 3225 938 3283 Ritter
958 3224 978 3282 l.
1004 3225 1024 3284 l.
1038 3247 1067 3306 p.
1081 3223 1152 3302 453,

117 3359 175 3440 (79)
198 3361 320 3430 Cicero,
338 3380 420 3438 quem
439 3359 522 3420 modo
542 3357 733 3434 laudavimus,
753 3373 879 3418 mentem
899 3359 1057 3440 adjunctam
1077 3359 1155 3419 iacit.
1270 3436 1273 3443 .

85 3445 218 3510 Bessarion
240 3451 308 3528 (qui
337 3461 432 3508 utrum
467 3452 508 3508 ex'
540 3449 734 3530 Theophrasto
761 3461 870 3508 tanturn
899 3449 1022 3508 hauserit
1046 3471 1081 3508 an
1101 3447 1154 3508 alia

85 3537 253 3598 admiscuerit
275 3561 332 3600 non
360 3549 492 3616 constat)
510 3539 579 3600 dicit
600 3565 607 3598 :
632 3564 647 3597 u
673 3553 794 3600 mentem
820 3541 902 3599 etiam
920 3542 1081 3599 universum
1102 3539 1156 3599 hoc

86 3627 150 3690 idem
164 3651 227 3691 esse
254 3629 425 3692 adfirmavit.
448 3653 464 3689 a
479 3630 538 3691 Vid
557 3652 640 3712 supra
663 3653 705 3712 p..
718 3653 784 3713 ¹⁰7·
806 3631 921 3690 Tzetzes
939 3629 1059 3690 Chiliad.
1077 3629 1134 3690 Vll
1144 3673 1155 3701 ,

88 3717 138 3802 519
160 3741 221 3800 sqq.
245 3719 290 3780 ed.
309 3719 451 3801 Kiesliug.
477 3721 622 3781 obscurius
647 3743 655 3778 a

196 3861 254 3914 Nes
279 3850 324 3912 ἐπὶ
351 3851 433 3914 su‘aes
454 3854 560 3934 φύν-ως
582 3851 673 3935 sapius
693 3849 786 3932 Oanis
806 3851 900 3928 μένον,

198 3943 244 4005 ixl
267 3949 335 4005 θιοιῗ
358 3945 487 4019 ayvinus
502 3973 533 4007 cs
552 3947 598 4006 acl
620 3954 671 4006 τᾶν
690 3943 887 4024 iuueniores,

198 4037 233 4096 eis
256 4035 402 4113 euraudus
424 4037 533 4122 iypusls
556 4046 632 4099 τοῦτο
653 4033 701 4098 nal
719 4031 904 4118 Παρμενίδης.
