2840 4820
258 285 321 349 136
681 303 719 344 nn
741 299 932 344 xrxornxrus

255 455 447 552 adjuncta,
479 478 584 526 omne
617 463 833 550 praeterea,
868 449 965 548 quod
994 459 1082 522 esset
1115 447 1338 535 inlinitum,

146 559 150 567 ’
255 562 374 636 Deum
401 560 516 637 voluit
541 583 614 633 esse
626 583 649 629 r>
677 585 686 630 ε
711 557 873 654 loquitur
897 556 984 628 haec
999 553 1182 648 Vellejus‚
1204 556 1243 624 in
1271 577 1342 624 re-

132 761 135 768 ,
255 667 411 741 ferendis
424 679 589 742 veterum
605 665 790 737 sententiis
809 689 938 760 parum
951 660 1100 760 diligens
1118 689 1126 731 ε
1140 659 1236 774 quod
1249 659 1341 753 infi⁴

256 781 369 846 uitam
395 774 502 865 dicit,
526 797 633 870 supra
654 774 729 866 jam
754 770 1056 868 improbavimus3
1085 769 1181 866 quod
1207 778 1342 839 autem

257 907 353 952 omne
365 879 564 952 discernito
578 891 710 970 meae,
726 902 836 976 quam
849 877 1046 966 adjunctam
1061 873 1154 965 facit,
1169 874 1238 945 ida
1254 873 1340 944 Xe-

256 985 424 1084 nophane
441 985 600 1058 alienum
621 997 687 1075 est,
702 986 767 1082 qui
783 996 949 1055 naturam
962 981 1110 1080 quidem
1123 979 1340 1076 intelligen-

256 1105 331 1165 tem
345 1091 459 1168 voluit
472 1117 564 1182 esse,
579 1116 651 1162 non
666 1103 788 1163 autem
805 1091 917 1188 ipsam
930 1113 995 1186 per
1007 1113 1043 1160 se
1058 1087 1341 1184 intelligentiam

257 1224 283 1270 s.
298 1211 456 1270 mentem
472 1196 715 1270 consideravit.
729 1197 773 1267 In
785 1221 858 1293 quo
871 1194 1033 1268 similiter
1046 1195 1203 1292 peccavit
1220 1204 1341 1289 atque

258 1307 297 1377 in
310 1303 462 1376 Thaletis
473 1303 670 1392 sententia,
686 1327 795 1400 quam
807 1304 856 1374 ita
877 1303 1010 1374 refert:
1028 1327 1050 1374 ιι
1062 1299 1185 1372 Thales
1204 1323 1344 1396 aquam

258 1412 349 1485 dixit
367 1437 440 1484 esse
461 1412 609 1482 initium
634 1435 769 1502 rerum,
794 1411 913 1483 Deum
938 1423 1060 1482 autem
1084 1435 1163 1482 eam
1175 1419 1345 1480 mentem

259 1543 352 1615 quae
377 1542 420 1590 ex
446 1542 539 1615 aqua
560 1529 689 1589 cuncta
713 1519 872 1614 lingeret.
898 1516 1169 1613 »Quamquam
1194 1525 1345 1586 certum

259 1635 312 1697 est
327 1622 510 1696 Thaletem
535 1650 658 1696 rorum
681 1631 824 1696 initium
848 1649 868 1694 a
891 1625 971 1696 Deo
995 1649 1067 1694 non
1078 1621 1276 1694 distinxisse
1303 1628 1344 1688 ⁷⁰.

307 1729 442 1801 Eodem
470 1754 577 1801 sensu
599 1729 828 1824 Xenophanis
852 1729 971 1800 Deum
998 1726 1214 1799 intellexisse
1240 1723 1346 1798 vide·

259 1846 322 1906 tur
346 1835 445 1905 Timo
470 1832 669 1924 Phliasius,
695 1833 890 1906 Ptolemaei
915 1832 1138 1930 Philadelphi
1163 1829 1346 1930 aequalis,

260 1943 365 2036 cujus
393 1939 500 2014 verba
524 1965 631 2036 supra
657 1941 675 2036 ᾗ
708 1967 727 2040 7
755 1939 968 2030 attulimus,
992 1966 1108 2038 quum
1132 1939 1225 2012 dicat
1255 1964 1264 2008 :
1301 1947 1349 2014 εἰς

259 2050 401 2118 ’ἓνταῠτό
429 2074 460 2114 τε
488 2063 547 2116 πᾶν
577 2050 732 2134 ἀνελύετο;
763 2073 872 2118 uuum
902 2045 1070 2145 intelligit
1096 2058 1246 2118 naturae
1272 2043 1362 2138 ini-¹

260 2153 354 2226 tium
377 2153 450 2225 sive
474 2156 505 2220 τὸ
530 2171 650 2244 ςοιχεῖον
676 2153 714 2222 in
735 2153 847 2250 «quod
877 2160 992 2225 omnia
1012 2159 1244 2226 resoluuntur.
1263 2151 1348 2222 llu-

259 2261 319 2352 jus
343 2281 464 2330 versus
493 2254 643 2329 laudans
668 2259 798 2330 Sextus
824 2260 1056 2356 Empiricus,
1082 2257 1230 2331 Eleatici
1253 2281 1352 2328 sen-

259 2364 411 2436 tentiam
436 2364 485 2434 ita
514 2365 662 2460 exponit
685 2373 739 2434 ⁷¹:
768 2367 935 2457 έδογμάτιζε
963 2367 995 2436 δὲ
1025 2375 1040 2433 ὁ
1072 2365 1231 2460 Ξενοφάνης
1261 2371 1352 2458 παρὰ

260 2477 312 2549 τὰς
345 2487 401 2539 τῶν·
431 2468 531 2539 ἄλλων
559 2476 726 2565 &thonitrus
755 2473 931 2565 προλήψεις,
963 2472 995 2538 ἓν
1026 2465 1101 2538 εἶναι
1129 2474 1160 2536 τὸ
1184 2485 1266 2556 πᾶν,
1295 2475 1353 2538 καὶ

261 2581 307 2646 τὸν
331 2578 405 2646 Θεὸν
429 2593 538 2674 συμφυῆ
564 2597 619 2654 τοῖς
641 2593 730 2648 πᾶσι·
759 2573 833 2646 εἶναι
859 2578 890 2646 δὲ
915 2577 1076 2673 σφαιροειδῆ
1096 2583 1147 2646 καὶ
1163 2581 1268 2656 ἀπαθῆ
1294 2583 1352 2644 καὶ

261 2685 460 2773 ἀμετάβλητον
474 2688 523 2750 καὶ
534 2686 656 2776 λογικόν.
671 2681 846 2780 Pleraque
859 2683 946 2754 haec
958 2682 1185 2778 Xenophanis
1200 2695 1350 2754 senten-

260 2789 332 2857 tiae
344 2810 516 2884 congrua,
537 2799 678 2883 praeter
694 2809 828 2880 unum,
846 2792 875 2859 ἓν
894 2795 923 2858 τὸ
939 2806 997 2860 πᾶν
1010 2795 1062 2858 καὶ
1072 2791 1144 2858 Θεὸν
1157 2805 1264 2886 uanos
1289 2809 1352 2867 τοῖς

262 2893 463 2992 essequod
482 2892 546 2968 ille
559 2920 631 2966 non
645 2897 754 2995 magis
766 2896 893 2969 dixisse
906 2922 1016 2994 quam
1029 2897 1174 2970 sensisse
1187 2896 1349 2970 videtur.

262 3000 382 3072 Deum
398 3001 495 3071 enim
506 3003 797 3099 quamvistotius
809 3003 936 3074 mundi
955 3003 1157 3101 prinoipem
1176 3015 1213 3076 et
1231 3013 1351 3074 recto-

262 3134 341 3180 rem
363 3107 509 3200 faceret,
535 3112 731 3208 segregavit
749 3123 870 3184 tamen
891 3110 936 3182 ab
960 3113 1059 3182 omni
1077 3123 1228 3184 naturae
1256 3136 1351 3182 con-
1407 3133 1409 3136 ·

261 3215 430 3288 cretione.
449 3217 648 3288 Stoicorum
667 3242 750 3290 vero
775 3217 841 3288 hoc
864 3218 934 3290 tuit
956 3217 1146 3315 placitum,
1170 3219 1235 3316 qui
1258 3243 1352 3289 cum

77 3403 82 3413 ¹
133 3393 150 3407 ,,
261 3334 378 3394 toturn
399 3323 578 3396 mundum
597 3325 796 3397 animatum
815 3325 993 3418 dicerent,
1011 3326 1131 3400 Deum
1148 3325 1353 3401 voluerunt

262 3453 335 3502 esse
352 3442 518 3502 naturam
538 3455 617 3502 eam
639 3456 733 3529 quae
752 3456 873 3504 omnes
891 3432 1020 3506 mundi
1037 3445 1155 3531 partes
1169 3443 1345 3524 tranaret,

252 3623 256 3635 ·
304 3657 462 3741 (70)1bid.
486 3679 546 3741 cap.
576 3681 621 3720 ιο.
646 3660 683 3720 cf.
709 3658 777 3719 haeo
802 3647 985 3723 illustrantem
1006 3661 1131 3722 Boeolrh.
1152 3659 1270 3722 Studien
1291 3680 1352 3721 von

261 3747 343 3808 Daub
365 3769 393 3807 u.
414 3749 541 3809 Creuzer.
565 3751 612 3828 (a.
642 3748 749 3831 1807.)
772 3772 801 3809 n.
823 3772 858 3826 1,
885 3771 916 3831 p.
937 3753 965 3810 3.

264 3917 266 3924 -
301 3877 365 3957 (71)
388 3879 525 3960 Pyrrhou.
547 3881 654 3962 Hypot.
675 3882 708 3954 1,
737 3900 759 3940 s.
784 3880 854 3942 225.
879 3881 917 3940 cf.
945 3879 1013 3942 ibid.
1035 3881 1094 3957 Ill,
1120 3903 1143 3942 s.
1168 3880 1252 3943 218:
1273 3897 1353 3945 zor

261 3967 345 4042 φνέιιιο
369 3965 406 4027 Ν
428 3968 513 4050 (Oris
537 3967 619 4051 ιῖιιι)
639 3973 755 4054 edulfus
775 3973 886 4040 tants.
