2924 4820
549 373 764 461 annosorum.
1126 389 1185 456 181

117 554 331 645 conjecturas
351 563 493 624 tantum
523 553 710 650 protulisse
737 580 865 652 parum
891 567 956 628 aut
982 553 1072 626 nihil
1097 557 1192 630 inter

117 687 152 734 se
173 661 399 734 cohaerentes
412 661 447 732 ⁹⁵.
468 661 683 762 Diligentius
699 691 783 739 vero
802 663 1107 738 considerantibus
1126 691 1192 763 ap-

15 807 16 832 i
116 769 255 865 paruit,
286 767 401 840 multa
424 769 577 849 horum,
602 774 709 842 etiam
723 797 817 868 quae
831 771 1048 843 recentiores
1074 771 1192 868 prodi-

45 955 47 960 ,
116 873 268 963 derunt,
296 875 516 973 antiquitatis
541 875 610 946 fide
633 901 706 946 non
735 901 877 973 prorsus
899 901 972 948 esse
998 876 1191 968 destituta,

115 991 150 1051 et
163 978 397 1078 inplerisque
417 1005 511 1078 quae
526 995 774 1084 memorantur
791 984 872 1078 ejus
892 979 1046 1078 placitis,
1062 1007 1193 1080 quam-

15 1087 17 1120 *
115 1087 164 1158 vis
185 1084 298 1158 multa
326 1089 397 1158 sint
426 1089 667 1160 recentiorum
694 1088 923 1186 opinionibus
948 1089 1133 1160 obscurata
1156 1101 1194 1162 et

116 1193 275 1280 confusa,
293 1191 405 1266 latere
434 1207 553 1266 tamen
581 1197 764 1268 vetustatis
783 1197 951 1294 vestigia,
974 1220 1068 1293 quae
1091 1220 1192 1266 eom-

112 1313 230 1396 parata
250 1302 346 1372 inter
371 1327 407 1372 se
435 1313 472 1371 et
491 1327 534 1373 cx
563 1315 727 1375 veterum
747 1315 869 1376 mente
892 1299 1069 1374 illustrata
1095 1299 1193 1374 illius
1300 1359 1302 1366 .

112 1407 326 1478 sententiam
351 1405 612 1504 quodammodo
635 1408 736 1480 nobis
760 1419 1039 1505 repraesentent.
1064 1408 1192 1505 Itaque

112 1513 295 1584 doctorum
322 1515 506 1600 litorum,
535 1518 743 1613 praesertim
766 1516 940 1588 Brundisii
968 1529 1004 1587 et
1032 1514 1191 1588 Cousinii

112 1646 215 1718 opera
239 1621 355 1715 adjuti
390 1623 522 1716 idjam
559 1625 741 1695 consecuti
765 1625 956 1717 videmur,
980 1635 1083 1696 utet
1111 1625 1189 1694 sin-

111 1725 193 1824 gula
217 1727 444 1823 Xenophanis
469 1739 506 1798 et
533 1727 687 1799 aliorum
716 1729 943 1828 physicorum
967 1728 1098 1826 placita
1119 1729 1193 1801 sint

112 1831 328 1925 illustriora,
347 1845 383 1906 et
407 1835 573 1906 universa
598 1833 696 1906 illius
717 1836 915 1933 quaerendi
941 1834 1193 1934 cogitandique

113 1941 200 2009 ratio
227 1937 357 2010 clarius
383 1951 512 2036 pateat.
536 1939 660 2010 Fateor
686 1941 831 2038 quidem
861 1939 1037 2011 nonnulla
1067 1939 1192 2012 Xeno-

113 2044 222 2141 phani
252 2044 389 2130 tribui,
419 2071 577 2142 quorum
608 2045 694 2117 fides
725 2071 797 2116 non
829 2048 910 2118 satis
941 2056 1101 2138 constet3
1130 2046 1192 2120 sed

15 2193 16 2208 ÷
114 2152 149 2221 in
177 2150 231 2222 his
258 2151 303 2222 ad
328 2149 509 2248 liquidum
537 2151 687 2249 perduci
713 2177 785 2222 non
812 2163 960 2249 possunt
984 2151 1125 2245 omnia3
1150 2178 1193 2224 eo

113 2256 285 2329 debemus
299 2281 372 2329 esse
383 2259 542 2330 contenti
555 2259 582 2328 si
596 2257 880 2355 probaverimus,
905 2283 1000 2356 quae
1012 2255 1111 2330 illius
1130 2283 1192 2330 no-

114 2363 210 2435 mine
233 2363 371 2460 prodita
394 2364 488 2454 sint,
515 2389 583 2436 nec
606 2365 719 2461 ipsius
736 2365 866 2436 rationi
883 2387 950 2434 nec
971 2365 1193 2460 antiquitatis

113 2469 256 2569 ingenio
277 2495 490 2569 repugnare.
1081 2468 1084 2476 ’
1225 2541 1227 2548 .

158 2577 257 2650 Haec
290 2591 412 2650 autern
440 2578 608 2652 universe
637 2575 935 2676 contemplantes,
959 2575 1123 2650 videmus
1155 2577 1193 2649 in

113 2683 222 2756 rebus
272 2682 499 2756 naturalibus
537 2683 756 2783 explicandis
793 2683 1050 2782 Xenophanem
1088 2683 1194 2780 longe

113 2787 218 2861 aliam
245 2789 340 2862 viam
365 2803 474 2889 atque
498 2791 536 2861 in
563 2791 671 2864 rebus
695 2790 824 2864 divinis
849 2815 923 2863 esse
948 2801 1124 2863 secutum.
1150 2789 1194 2862 ln

113 2895 168 2967 bis
193 2899 311 2968 omnia
338 2895 381 2968 ad
406 2909 565 2970 mentem
591 2897 740 2987 retulit,
767 2924 838 2998 qua
864 2897 936 2970 sola
959 2897 1052 2970 duce
1076 2897 1121 2969 ad
1141 2895 1194 2968 di-

114 3004 216 3076 vinae
233 3015 384 3075 naturae
404 3005 643 3102 cognitionem
666 3005 845 3098 tetendit3
871 3007 910 3076 in
936 3001 1006 3075 illis
1032 3003 1075 3075 ad
1106 3027 1195 3075 ocu·

113 3105 164 3180 los
191 3111 303 3190 refert
338 3111 486 3202 omnia,
515 3111 633 3182 omnia
665 3136 837 3184 sensuum
863 3111 997 3206 judicio
1028 3107 1193 3208 explieat.

114 3217 307 3290 Poetarum
341 3229 377 3290 et
407 3216 506 3316 vulgi
535 3219 693 3292 fictiones
728 3245 768 3290 ac
800 3217 938 3289 fabulas
972 3218 1091 3288 omnia
1121 3217 1196 3288 Diis

115 3323 219 3422 plena
250 3325 464 3424 fingentium
502 3327 656 3422 rejecit,
695 3326 843 3423 propius
883 3326 1025 3397 accessit
1052 3323 1097 3395 ad
1125 3349 1195 3396 an-

116 3433 397 3530 tiquissimorum
438 3429 665 3532 physicorum
701 3431 998 3530 simplicitatem,
1037 3431 1102 3528 qui
1140 3455 1197 3502 res

118 3536 202 3610 tales
234 3539 309 3612 iere
343 3563 416 3612 esse
450 3552 666 3631 censerent,
702 3539 827 3638 quales
861 3537 974 3611 oculis
1007 3559 1195 3608 cerneren-

15 3647 17 3650 ’
117 3655 187 3715 tur.
214 3645 343 3742 Itaque
370 3643 454 3717 licet
478 3647 517 3717 in
542 3643 751 3743 explicanda
773 3670 898 3719 rerum
924 3655 1054 3716 natura
1080 3639 1196 3713 multa

117 3749 191 3847 ipse
215 3751 361 3824 finxerit
385 3777 500 3851 eaque
525 3751 700 3842 absurda,
738 3749 822 3823 talia
849 3761 971 3822 tamen
990 3761 1076 3822 sunt
1103 3773 1197 3848 quae

159 4013 222 4098 (95)
243 4015 311 4078 Vid.
332 4017 454 4078 Meiners
473 4017 578 4078 Gesch.
598 4015 627 4076 d.
647 4010 822 4103 Wissenscb.
834 4032 863 4092 p.
880 4006 951 4070 618.
966 4008 1074 4070 Hecren
1086 4008 1121 4070 ad
1136 4010 1197 4072 Sto·

121 4103 238 4183 haeum,
260 4107 334 4166 Part.
354 4109 387 4182 l,
409 4109 443 4172 Τ,
466 4107 516 4184 ll,
541 4130 568 4188 p.
589 4106 668 4176 513,
690 4127 718 4184 q.
741 4115 769 4162 ct
793 4123 821 4182 p.
841 4099 921 4174 522,
939 4100 967 4158 b.
