2840 4820
523 333 703 391 astrosus.
1113 313 1158 381 78

168 481 264 570 ἷσύὴ
289 489 492 583 Μνημοσύνη,
518 485 536 571 ἢ
561 495 607 560 τδν
625 483 666 560 ic'
689 482 758 588 ἄμφ’
782 498 895 588 ἀρετῆς.

83 657 208 724 reos,
236 633 384 731 inquit,
414 658 594 708 sermones
625 631 753 732 probat
781 634 879 707 inter
908 634 1067 732 pocula,
1091 636 1159 735 qui

79 765 137 812 nos
148 739 298 813 reddant
310 751 375 813 aut
391 741 563 815 doctiores
580 753 645 814 aut
665 739 878 814 meliores.»
896 741 989 841 Ergo
1006 741 1064 816 hic
1079 770 1157 817 sen·

80 840 223 920 tentiam'
252 847 301 920 ita
332 846 551 948 supplevisse
584 849 729 922 videtur
757 877 766 922 :
795 863 887 921 rotro
914 852 946 929 ὃς
978 859 1155 950 ἀναφαίνει,

77 955 144 1025 ἕσσα
173 955 389 1048 ἡΜνημοσύνη
414 954 653 1054 (μνημονεύει),
679 954 697 1037 ἢ
728 961 775 1026 τόν
802 955 856 1054 (ὃς
882 957 1057 1055 ἀναφαίνει)
1084 957 1159 1028 όσσα

77 1055 138 1160 ν’μφ
160 1071 264 1160 ν’φοετῆς
281 1061 553 1162 (μνημονεύεται).
570 1064 608 1134 Si
623 1062 861 1160 Xenophanes
886 1062 954 1135 hoc
981 1061 1157 1157 voluerit,

77 1169 377 1266 parum'profecto
394 1168 501 1268 plane
521 1169 666 1244 locutus
689 1181 753 1243 cst.
777 1165 936 1269 Corayus
959 1170 1010 1244 ita
1036 1195 1157 1246 emen·

76 1275 232 1348 dandum
258 1275 507 1374 suspicabatur
532 1303 541 1349 ε

168 1429 207 1496 ὡς
230 1427 254 1488 σιι
281 1418 447 1512 μνημοσύνη
473 1424 525 1488 καῖ
545 1428 648 1508 τόνος,
671 1412 743 1516 ,ἀμφ’
767 1427 893 1517 ἀρετῆς,

76 1561 135 1636 hoc
159 1563 433 1638 constructionis
463 1565 568 1638 modo
594 1591 603 1638 τ
633 1567 663 1645 ὃς
688 1571 762 1637 πιὼν
787 1573 935 1664 ἀναφαίνει
965 1569 1065 1639 esta
1090 1559 1163 1666 ἀμφ’

75 1680 197 1768 ἀμετῆς,
223 1673 263 1750 ὥς
288 1681 312 1742 οι·
342 1671 506 1765 μνημοσύνη
536 1677 588 1741 καὶ
614 1679 692 1750 τόνος
719 1697 727 1742 :
752 1669 859 1758 sive,
894 1671 1050 1771 inquit,
1081 1682 1158 1744 τόνον

78 1779 260 1876 «accipias
285 1803 351 1877 pro
376 1785 469 1852 cocis
494 1791 612 1851 unare
647 1777 722 1853 sire
751 1775 955 1876 generalius
974 1805 1038 1877 pro
1056 1787 1095 1853 αἰ
1118 1805 1160 1853 ac

75 1911 93 1957 ν
116 1889 242 1960 robore
261 1889 386 1960 animi.
410 1885 569 1960 Pedestri
592 1887 752 1958 oratione
775 1914 784 1958 ι
812 1897 850 1966 ὡς
878 1887 960 1982 αὐτῷ
978 1901 1078 1982 μνήμη
1111 1896 1161 1959 καί

75 2017 94 2063 ι)
117 1993 256 2088 δύναμις,
282 1992 340 2068 vel
366 2003 403 2074 ὡς
424 1993 489 2088 ἔχει
514 2003 629 2087 μνήμης
653 1996 758 2062 τεκαὶ
782 1993 938 2086 δννάμεινς.
955 2017 976 2064 ))
1004 1995 1158 2088 Vereor,

76 2110 116 2170 ut
131 2099 221 2173 baec
246 2099 450 2174 emendatio
474 2101 582 2198 possit
604 2098 758 2198 probari.
783 2097 912 2199 Neque
937 2099 1084 2198 probata
1105 2113 1160 2175 est

76 2206 387 2306 Schweightiusero
406 2208 493 2281 :'hic
513 2209 553 2280 in
575 2205 673 2306 vulg.
701 2205 855 2281 lectione
883 2209 1091 2307 acquiescit,
1119 2211 1160 2286 in

75 2318 238 2414 sequenti
251 2328 374 2389 autem
388 2341 438 2391 vs.
454 2341 520 2426 pro
543 2309 649 2388 διέπειν
662 2314 807 2414 corrigit
826 2317 932 2408 διέπει,
958 2317 1056 2416 quod
1069 2345 1159 2392 con-

73 2423 204 2514 jecerat
223 2425 298 2518 jam
316 2421 473 2521 Corayus
490 2434 528 2494 et
546 2423 607 2493 Ms.
626 2422 808 2519 Epitomcs
831 2421 1001 2515 exhibet3
1027 2415 1160 2500 deinde

76 2529 177 2604 rerba
197 2531 247 2603 sic
264 2531 527 2627 interpretatur
553 2555 561 2602 :
587 2543 705 2616 τοῦτον,
729 2533 758 2609 ὃς
781 2533 880 2600 esta
904 2539 1076 2630 ἀναφαίνει,
1090 2544 1159 2617 ὠςὴ

74 2645 235 2732 μνημοσύνη
260 2645 321 2723 ε’ςίν
345 2639 437 2734 αὐτῷ,
452 2644 502 2708 καὶ
521 2642 581 2727 τόν,
598 2640 629 2717 ta
643 2639 732 2709 διέπει
746 2637 815 2737 ἀμφ’
835 2647 954 2736 ἀρετῆς,
976 2638 1036 2710 aiu
1055 2652 1159 2734 μάχας

76 2749 134 2816 κτλ.
145 2745 310 2818 Eandem
322 2742 513 2818 lectionem
525 2743 691 2842 sequitur
701 2743 1092 2838 Dindorfiua3attamen
1104 2747 1160 2819 in-

76 2850 251 2924 finitivum
278 2852 382 2923 διέπειν
408 2851 540 2924 debere
566 2850 714 2921 omnino
740 2850 873 2923 servari
895 2863 1030 2948 patete
1051 2877 1160 2928 versu

76 2973 275 3055 postremO,
296 2966 376 3030 &etto
395 2961 427 3032 δὲ
442 2965 624 3057 προμηθείην
640 2957 723 3051 ἔχειν
741 2983 749 3029 :
770 2955 876 3029 ambo
895 2959 995 3030 enim
1018 2957 1058 3030 hi
1079 2985 1159 3034 ver·

77 3092 130 3139 sus
146 3066 216 3138 sibi
231 3065 459 3164 respondent.
480 3067 534 3136 Ita
555 3065 643 3138 haec
668 3089 816 3163 quoque
835 3061 1045 3162 explicatio,
1063 3089 1159 3163 quae

76 3187 259 3272 praeterea
274 3177 355 3246 satis
378 3185 496 3246 coacta
523 3185 623 3266 erat,
650 3171 799 3244 tollitur.
823 3171 980 3270 Scaliger
1007 3172 1052 3245 ad
1076 3175 1160 3248 Ροὸ·

77 3283 128 3355 sin
160 3281 290 3356 Philos.
316 3307 353 3380 p.
383 3279 473 3375 216,
496 3291 634 3361 mutata
666 3292 810 3352 tanturn
839 3279 1158 3378 interpunctione,

77 3416 219 3465 versum
246 3389 425 3490 explicare
449 3389 594 3482 studet;
621 3388 810 3488 distinguit
832 3388 883 3460 ita
908 3415 917 3461 ε

173 3561 233 3638 ὡς,
256 3548 295 3620 Ἡ
317 3547 497 3644 μνημοσύνη·
525 3553 576 3617 καί
595 3552 663 3635 τὸν,
680 3549 739 3626 Ὃς
765 3539 835 3644 ἄμφ’
858 3555 972 3643 ἀρετῆς.

79 3705 185 3779 Putat
208 3707 297 3779 haec
325 3729 399 3780 esse
423 3704 569 3776 nomina
597 3701 810 3795 scoliorum,
838 3725 933 3800 quae
968 3701 1008 3771 in
1032 3703 1160 3794 conri-

79 3814 142 3886 riis
166 3824 396 3888 canerentur.
426 3813 505 3884 Jam
529 3811 643 3885 varias
665 3807 774 3881 attuli
789 3809 1032 3905 interpretum
1057 3809 1161 3882 ratio·

80 3944 141 3993 nes
152 3973 167 4008 ,
194 3945 352 4019 quarum
379 3919 409 3991 si
430 3919 527 4018 optio
546 3918 715 4010 daretur,
744 3913 913 4014 Scaligeri
935 3915 1165 4013 potissimum

83 4026 285 4126 opinionem
306 4051 492 4127 sequerer,
515 4026 582 4101 etsi
604 4025 692 4099 haec
719 4025 795 4124 ipsa
819 4023 1034 4123 ingeniosior
1060 4023 1159 4100 vide-
