2840 4820
470 389 685 435 enisosoaam.
853 399 856 406 ·
1048 369 1112 436 rto

70 553 132 630 tos,
148 539 185 610 in
199 537 381 614 veteribus
399 539 599 635 judicandis
619 541 796 638 iniquior,
816 551 1003 640 postquam
1023 539 1114 614 dixit

67 647 302 744 Xenophanem
324 648 542 746 principium
565 648 684 720 fecisse
707 671 826 720 unum
849 661 886 721 et
905 662 1113 740 aeternum,

67 755 266 854 subjungit:
290 759 376 828 πάλιν
401 757 556 828 diruitur
583 761 789 848 ἐπιλαθόμενος
813 765 846 826 ἐκ
877 775 926 840 τῆς
950 775 1001 852 γῆς
1031 771 1113 856 φῦναι

5 869 6 904 r
66 865 166 932 lenia
185 871 297 958 εἴρηκεν
311 872 333 931 ¹.
354 862 450 933 Haec
474 863 596 936 merito
613 874 656 934 ut
679 867 837 959 ἀξύμφωνα
862 862 1114 958 reprehendit3
1168 945 1171 950 ¹

65 967 135 1064 qnid
157 969 255 1040 enim
281 966 468 1038 absurdius
492 991 601 1063 quam
627 979 815 1039 oeternum
841 979 997 1040 statuere
1026 968 1114 1039 uni·
1214 969 1217 974 ’

64 1099 187 1146 rersnm
213 1073 384 1170 idemque
410 1099 430 1145 e
460 1071 591 1145 tellure
618 1085 745 1144 natum
769 1071 922 1145 dicere?
953 1074 1029 1144 Non
1053 1085 1112 1144 te-

62 1205 129 1250 nen
143 1177 248 1270 vidit,
267 1179 368 1249 istius
385 1177 528 1275 culpae,
546 1203 655 1276 quam
674 1180 713 1249 in
732 1179 988 1277 Xenophanem
1009 1191 1116 1250 trane-

61 1283 128 1376 lert‚
145 1309 180 1356 se
197 1309 273 1356 esse
294 1283 474 1356 auctorem
491 1298 529 1356 et
546 1283 639 1357 male
660 1286 936 1382 interpretando
955 1297 1115 1356 mentem

54 1393 123 1483 ejus
142 1388 249 1486 plane
275 1389 485 1462 obscurasse.
512 1391 676 1463 Errorem
695 1392 803 1464 istum
820 1395 893 1486 jam
912 1391 1116 1488 Simplicius

61 1496 188 1587 refellit,
215 1510 387 1594 recteque
408 1497 530 1569 docuit
547 1509 584 1570 et
607 1498 840 1596 Pythagoreos
859 1511 898 1572 et
922 1498 1116 1596 Xenopha-

60 1629 140 1692 nem,
153 1603 422 1693 Parmenidem,
443 1601 600 1700 aliosque
614 1612 650 1674 ot
676 1613 778 1702 φυσικὰ
797 1611 850 1676 ἀπὸ
866 1621 922 1674 τῶν
945 1609 1016 1700 ὑπὲρ
1036 1611 1115 1702 φύσιν

61 1733 230 1807 separasse,
248 1711 367 1780 sinon
394 1707 499 1806 plane
516 1723 553 1781 et
571 1709 750 1800 distincte,
775 1722 812 1780 at
827 1711 972 1782 confuse
996 1721 1117 1782 tamen

5 1865 6 1904 ,
61 1829 88 1888 et
108 1819 227 1906 tacite,
253 1839 328 1913 quo
351 1813 550 1887 multorum
573 1814 845 1912 intelligentiam
869 1817 1057 1912 fugerent,
1082 1813 1121 1909 τῇ

61 1932 161 2020 ἀσαφείᾳ
182 1927 381 1998 terensem
401 1925 460 1999 τοὺς
483 1923 626 1998 πολλούς’.
651 1921 778 2016 Itaque
797 1921 1054 1992 nemisoeamus
1074 1944 1117 1991 ee

5 2021 7 2104 l
61 2029 135 2100 inter
159 2053 256 2126 quae
279 2027 381 2100 nulle
408 2026 452 2098 sit
479 2025 623 2098 rationis
650 2025 892 2115 necessitudo,
922 2023 1117 2121 Xenopha-

61 2137 100 2206 nis
120 2137 328 2232 opinionem
356 2133 401 2206 de
428 2157 551 2206 rerum
574 2143 703 2205 natura
732 2132 875 2204 seorsim
903 2129 1118 2229 explicaturi

61 2265 171 2314 snmus.

542 2522 618 2608 32.

98 2739 233 2812 lterum
246 2735 421 2835 principia
435 2745 646 2833 quaerentes
664 2733 762 2806 unde
777 2745 927 2806 naturae
946 2732 1119 2830 originem

63 2845 284 2948 Xenophanes
308 2845 479 2936 duxerit,
506 2845 546 2914 in
572 2867 737 2942 magnam
760 2843 878 2914 statim
906 2839 1120 2914 offendimus

7 3065 9 3080 *
92 3121 132 3196 (r)
149 3118 297 3179 Theodor.
325 3115 446 3197 Therap.
468 3103 762 3189 serm.1v.'tteliqua
788 3110 873 3170 rerha
895 3109 1020 3190 superius
1041 3107 1123 3166 attuli

63 3221 107 3267 rot.
127 3213 199 3292 73.)
215 3208 296 3268 ldem
317 3205 404 3266 Serm.
424 3205 454 3266 ll
465 3249 474 3280 ,
493 3227 522 3286 p.
540 3225 578 3263 aa
599 3201 688 3262 dicit:
706 3201 851 3276 Ξυσφέιης
870 3197 906 3260 di
925 3201 938 3261 i
957 3199 1123 3274 tesselinus

63 3295 85 3359 η’
100 3311 148 3363 τί,
170 3300 290 3374 Arria»,
312 3303 343 3360 i»
363 3297 399 3359 dl
420 3307 469 3366 τῆς
493 3306 545 3368 γῆς
567 3289 604 3355 sai
623 3293 724 3355 πάντα.
748 3293 782 3352 In
802 3291 885 3352 simili
906 3311 999 3351 errore
1024 3310 1122 3352 versa·

61 3387 127 3450 hatur
145 3393 272 3454 Wolfius
294 3387 329 3450 ad
352 3387 465 3468 Origen.
484 3385 556 3446 Phil.
579 3397 635 3444 not.
658 3382 678 3443 6
698 3395 726 3442 et
748 3404 778 3465 9.

91 3527 128 3602 (a)
146 3523 276 3606 Simplic.
303 3524 333 3582 in
357 3521 440 3602 Phys.
467 3520 514 3581 tot.
542 3519 561 3582 5
584 3519 618 3580 Β.
644 3517 750 3578 Ultima
772 3515 840 3576 haec
862 3514 948 3576 verba
971 3513 1009 3574 ad
1034 3531 1123 3572 meam

62 3617 211 3674 sententiam
232 3609 459 3686 accommodari3
477 3611 535 3690 ipse
557 3610 631 3668 enim
657 3607 738 3666 aliter
758 3603 927 3664 intellexisse
950 3601 1062 3662 ridetur
1076 3645 1084 3674 ,
1100 3601 1125 3659 si

9 3689 11 3762 Ϊ
62 3719 237 3783 comparemus
261 3721 331 3779 quae
354 3699 447 3781 paullo
471 3711 535 3758 ante
556 3696 624 3756 dicit
647 3719 653 3754 :
675 3693 845 3772 Ξενοφάνης,
875 3725 915 3738 -
942 3686 1121 3772 nappsrr'dse

10 3781 11 3812 l
61 3793 95 3850 ui
113 3799 134 3854 si
151 3794 336 3874 Πυθιγοριῖοι
358 3791 589 3856 erasissem
610 3784 659 3864 pir
679 3783 740 3866 περ’
759 3811 789 3844 τι
809 3793 860 3844 riis
875 3791 994 3861 durinch
1010 3779 1057 3842 nsi
1074 3790 1124 3841 τᾶν

61 3881 110 3965 irip
129 3887 208 3960 prio-rr
234 3887 308 3946 α’λλ“
335 3879 584 3958 arist-spurcida
607 3876 654 3946 sris
678 3877 777 3938 inseris
805 3871 969 3953 φιλοσοφίαι
991 3870 1122 3953 rapadi-

61 3969 161 4038 iaimr.
172 3975 361 4056 Xenophanis
371 3971 557 4054 philosophia,
575 3979 708 4048 quantum
726 3977 754 4024 et
769 3964 851 4024 nohis
869 3976 897 4022 et
915 3964 969 4044 ipsi
979 3961 1123 4044 Simplicio

61 4063 184 4146 innotuit,
212 4086 303 4145 neque
323 4063 484 4131 τιλιιοτέτη
505 4081 594 4140 neque
618 4054 829 4136 etiamnunc
851 4053 906 4116 dici
923 4065 1027 4135 potest.

185 4166 218 4237 I.
583 4181 585 4186 ·
899 4177 973 4223 v11
