<?xml version="1.0" encoding="UTF-8"?>
<!DOCTYPE html PUBLIC "-//W3C//DTD XHTML 1.0 Transitional//EN"
    "http://www.w3.org/TR/xhtml1/DTD/xhtml1-transitional.dtd">
<html xmlns="http://www.w3.org/1999/xhtml" xml:lang="en" lang="en">
 <head>
  <title>
</title>
<meta http-equiv="Content-Type" content="text/html;charset=utf-8" />
  <meta name='ocr-system' content='tesseract 3.04.00' />
  <meta name='ocr-capabilities' content='ocr_page ocr_carea ocr_par ocr_line ocrx_word'/>
</head>
<body>
  <div class='ocr_page' id='page_1' title='image "./philosophorumgr01xenogoog_0342.png"; bbox 0 0 3000 4844; ppageno 0'>
   <div class='ocr_carea' id='block_1_1' title="bbox 268 336 998 409">
    <p class='ocr_par' dir='ltr' id='par_1_1' title="bbox 268 336 998 409">
     <span class='ocr_line' id='line_1_1' title="bbox 268 336 998 409; baseline -0.011 0"><span class='ocrx_word' id='word_1_1' title='bbox 268 347 310 409; x_wconf 83' lang='lat'><strong>76</strong></span> <span class='ocrx_word' id='word_1_2' title='bbox 548 336 551 342; x_wconf 87' lang='grc'><strong>’</strong></span> <span class='ocrx_word' id='word_1_3' title='bbox 670 355 946 406; x_wconf 79' lang='lat' dir='ltr'><strong>coanaursaans</strong></span> <span class='ocrx_word' id='word_1_4' title='bbox 996 361 998 366; x_wconf 95' lang='lat'>·</span> 
     </span>
    </p>
   </div>
   <div class='ocr_carea' id='block_1_2' title="bbox 200 503 1351 4100">
    <p class='ocr_par' dir='ltr' id='par_1_2' title="bbox 267 503 1351 2932">
     <span class='ocr_line' id='line_1_2' title="bbox 267 503 1345 609; baseline -0.004 -23"><span class='ocrx_word' id='word_1_5' title='bbox 267 547 340 586; x_wconf 90' lang='lat' dir='ltr'><strong>nam</strong></span> <span class='ocrx_word' id='word_1_6' title='bbox 367 503 582 609; x_wconf 88' lang='lat' dir='ltr'><strong>quodcumque</strong></span> <span class='ocrx_word' id='word_1_7' title='bbox 609 523 744 586; x_wconf 90' lang='lat' dir='ltr'><strong>medium</strong></span> <span class='ocrx_word' id='word_1_8' title='bbox 772 522 902 600; x_wconf 88' lang='lat' dir='ltr'><strong>habeat,</strong></span> <span class='ocrx_word' id='word_1_9' title='bbox 932 531 1067 582; x_wconf 80' lang='lat' dir='ltr'><strong>extrema</strong></span> <span class='ocrx_word' id='word_1_10' title='bbox 1089 541 1211 604; x_wconf 90' lang='lat' dir='ltr'><strong>quoque</strong></span> <span class='ocrx_word' id='word_1_11' title='bbox 1232 519 1345 584; x_wconf 84' lang='lat' dir='ltr'><strong>lrabeat</strong></span> 
     </span>
     <span class='ocr_line' id='line_1_3' title="bbox 268 622 1342 711; baseline -0.005 -18"><span class='ocrx_word' id='word_1_12' title='bbox 268 653 388 695; x_wconf 86' lang='lat' dir='ltr'><strong>necesse</strong></span> <span class='ocrx_word' id='word_1_13' title='bbox 407 634 455 694; x_wconf 90' lang='lat' dir='ltr'><strong>sit.</strong></span> <span class='ocrx_word' id='word_1_14' title='bbox 494 634 696 708; x_wconf 77' lang='lat' dir='ltr'>Postremum,</span> <span class='ocrx_word' id='word_1_15' title='bbox 717 622 778 693; x_wconf 78' lang='lat' dir='ltr'><strong>esse</strong></span> <span class='ocrx_word' id='word_1_16' title='bbox 798 632 887 700; x_wconf 68' lang='grc' dir='ltr'><strong><em>ἕνωσιν</em></strong></span> <span class='ocrx_word' id='word_1_17' title='bbox 906 639 964 699; x_wconf 66' lang='lat' dir='ltr'><strong>ena</strong></span> <span class='ocrx_word' id='word_1_18' title='bbox 987 637 1105 705; x_wconf 62' lang='lat' dir='ltr'><strong>sennua,</strong></span> <span class='ocrx_word' id='word_1_19' title='bbox 1120 649 1137 688; x_wconf 92' lang='lat' dir='ltr'><strong>e</strong></span> <span class='ocrx_word' id='word_1_20' title='bbox 1150 647 1238 690; x_wconf 80' lang='lat' dir='ltr'><strong>versu</strong></span> <span class='ocrx_word' id='word_1_21' title='bbox 1250 649 1342 711; x_wconf 85' lang='lat' dir='ltr'><strong>quens</strong></span> 
     </span>
     <span class='ocr_line' id='line_1_4' title="bbox 269 732 1344 816; baseline -0.006 -18"><span class='ocrx_word' id='word_1_22' title='bbox 269 759 355 798; x_wconf 89' lang='lat' dir='ltr'><strong>nunc</strong></span> <span class='ocrx_word' id='word_1_23' title='bbox 375 747 554 814; x_wconf 75' lang='lat' dir='ltr'><strong>tractamus,</strong></span> <span class='ocrx_word' id='word_1_24' title='bbox 571 738 648 816; x_wconf 67' lang='grc' dir='ltr'><strong><em>ξυνδν</em></strong></span> <span class='ocrx_word' id='word_1_25' title='bbox 667 739 700 801; x_wconf 68' lang='lat' dir='ltr'><strong>ii</strong></span> <span class='ocrx_word' id='word_1_26' title='bbox 721 749 790 802; x_wconf 65' lang='grc' dir='ltr'><strong>κτλ.</strong></span> <span class='ocrx_word' id='word_1_27' title='bbox 805 733 1022 816; x_wconf 77' lang='lat' dir='ltr'><strong>colligendum.</strong></span> <span class='ocrx_word' id='word_1_28' title='bbox 1063 734 1122 794; x_wconf 79' lang='lat' dir='ltr'><strong>lata</strong></span> <span class='ocrx_word' id='word_1_29' title='bbox 1135 732 1344 814; x_wconf 78' lang='lat' dir='ltr'><strong>interpretatio</strong></span> 
     </span>
     <span class='ocr_line' id='line_1_5' title="bbox 269 835 1345 925; baseline -0.005 -22"><span class='ocrx_word' id='word_1_30' title='bbox 269 841 405 925; x_wconf 81' lang='lat' dir='ltr'><strong>proiecto</strong></span> <span class='ocrx_word' id='word_1_31' title='bbox 427 851 488 901; x_wconf 88' lang='lat' dir='ltr'><strong>tam</strong></span> <span class='ocrx_word' id='word_1_32' title='bbox 508 841 662 922; x_wconf 79' lang='lat' dir='ltr'><strong>ingeniosa</strong></span> <span class='ocrx_word' id='word_1_33' title='bbox 683 850 727 900; x_wconf 89' lang='lat' dir='ltr'><strong>est</strong></span> <span class='ocrx_word' id='word_1_34' title='bbox 745 850 868 922; x_wconf 76' lang='lat' dir='ltr'><strong>mmqoe</strong></span> <span class='ocrx_word' id='word_1_35' title='bbox 887 837 1026 913; x_wconf 88' lang='lat' dir='ltr'><strong>subtilis,</strong></span> <span class='ocrx_word' id='word_1_36' title='bbox 1055 847 1091 896; x_wconf 92' lang='lat' dir='ltr'><strong>ut</strong></span> <span class='ocrx_word' id='word_1_37' title='bbox 1110 835 1345 919; x_wconf 81' lang='lat' dir='ltr'><strong>lieo-platonico</strong></span> 
     </span>
     <span class='ocr_line' id='line_1_6' title="bbox 269 940 1343 1030; baseline -0.006 -22"><span class='ocrx_word' id='word_1_38' title='bbox 269 967 366 1030; x_wconf 89' lang='lat' dir='ltr'><strong>paene</strong></span> <span class='ocrx_word' id='word_1_39' title='bbox 386 946 526 1006; x_wconf 89' lang='lat' dir='ltr'><strong>acumine</strong></span> <span class='ocrx_word' id='word_1_40' title='bbox 546 966 623 1027; x_wconf 87' lang='lat' dir='ltr'><strong>opus</strong></span> <span class='ocrx_word' id='word_1_41' title='bbox 643 945 681 1005; x_wconf 91' lang='lat' dir='ltr'><strong>sit</strong></span> <span class='ocrx_word' id='word_1_42' title='bbox 701 944 739 1004; x_wconf 91' lang='lat' dir='ltr'><strong>ad</strong></span> <span class='ocrx_word' id='word_1_43' title='bbox 752 965 819 1005; x_wconf 90' lang='lat' dir='ltr'><strong>eam</strong></span> <span class='ocrx_word' id='word_1_44' title='bbox 832 942 1061 1025; x_wconf 80' lang='lat' dir='ltr'><strong>intelligendam</strong></span> <span class='ocrx_word' id='word_1_45' title='bbox 1074 953 1105 1003; x_wconf 91' lang='lat' dir='ltr'><strong>et</strong></span> <span class='ocrx_word' id='word_1_46' title='bbox 1118 940 1343 1024; x_wconf 79' lang='lat' dir='ltr'><strong>explicandam.</strong></span> 
     </span>
     <span class='ocr_line' id='line_1_7' title="bbox 269 1045 1344 1130; baseline -0.005 -20"><span class='ocrx_word' id='word_1_47' title='bbox 269 1052 378 1112; x_wconf 81' lang='lat' dir='ltr'><strong>Videor</strong></span> <span class='ocrx_word' id='word_1_48' title='bbox 398 1061 501 1112; x_wconf 88' lang='lat' dir='ltr'><strong>tamen</strong></span> <span class='ocrx_word' id='word_1_49' title='bbox 521 1049 619 1111; x_wconf 85' lang='lat' dir='ltr'><strong>Procli</strong></span> <span class='ocrx_word' id='word_1_50' title='bbox 640 1069 760 1128; x_wconf 82' lang='lat' dir='ltr'><strong>seusam</strong></span> <span class='ocrx_word' id='word_1_51' title='bbox 780 1067 865 1130; x_wconf 87' lang='lat' dir='ltr'><strong>posse</strong></span> <span class='ocrx_word' id='word_1_52' title='bbox 883 1045 1052 1107; x_wconf 85' lang='lat' dir='ltr'><strong>enucleare.</strong></span> <span class='ocrx_word' id='word_1_53' title='bbox 1092 1045 1241 1106; x_wconf 77' lang='lat' dir='ltr'><strong>Nimirum</strong></span> <span class='ocrx_word' id='word_1_54' title='bbox 1255 1045 1344 1106; x_wconf 87' lang='lat' dir='ltr'><strong>duxit</strong></span> 
     </span>
     <span class='ocr_line' id='line_1_8' title="bbox 268 1149 1344 1239; baseline -0.005 -22"><span class='ocrx_word' id='word_1_55' title='bbox 268 1155 350 1217; x_wconf 91' lang='lat' dir='ltr'><strong>hanc</strong></span> <span class='ocrx_word' id='word_1_56' title='bbox 376 1155 654 1239; x_wconf 73' lang='lat' dir='ltr'><strong>interpretationem</strong></span> <span class='ocrx_word' id='word_1_57' title='bbox 682 1176 699 1215; x_wconf 93' lang='lat' dir='ltr'><strong>e</strong></span> <span class='ocrx_word' id='word_1_58' title='bbox 728 1151 878 1214; x_wconf 77' lang='lat' dir='ltr'><strong>vocabulo</strong></span> <span class='ocrx_word' id='word_1_59' title='bbox 906 1154 1001 1233; x_wconf 71' lang='grc' dir='ltr'><strong><em>ξυνόν,</em></strong></span> <span class='ocrx_word' id='word_1_60' title='bbox 1030 1149 1063 1210; x_wconf 88' lang='lat' dir='ltr'><strong>h.</strong></span> <span class='ocrx_word' id='word_1_61' title='bbox 1085 1173 1112 1212; x_wconf 82' lang='lat' dir='ltr'><strong>e.</strong></span> <span class='ocrx_word' id='word_1_62' title='bbox 1133 1157 1238 1227; x_wconf 67' lang='grc' dir='ltr'><strong>κοινόν,</strong></span> <span class='ocrx_word' id='word_1_63' title='bbox 1259 1151 1344 1236; x_wconf 90' lang='lat' dir='ltr'><strong>quod</strong></span> 
     </span>
     <span class='ocr_line' id='line_1_9' title="bbox 270 1258 1346 1348; baseline -0.006 -24"><span class='ocrx_word' id='word_1_64' title='bbox 270 1263 353 1346; x_wconf 89' lang='lat' dir='ltr'><strong>apud</strong></span> <span class='ocrx_word' id='word_1_65' title='bbox 373 1261 569 1348; x_wconf 85' lang='lat' dir='ltr'><strong>philosophos</strong></span> <span class='ocrx_word' id='word_1_66' title='bbox 589 1263 762 1324; x_wconf 86' lang='lat' dir='ltr'><strong>interiorem</strong></span> <span class='ocrx_word' id='word_1_67' title='bbox 782 1259 875 1322; x_wconf 86' lang='lat' dir='ltr'><strong>babet</strong></span> <span class='ocrx_word' id='word_1_68' title='bbox 895 1281 1035 1322; x_wconf 88' lang='lat' dir='ltr'><strong>sensum:</strong></span> <span class='ocrx_word' id='word_1_69' title='bbox 1071 1259 1113 1320; x_wconf 92' lang='lat' dir='ltr'><strong>sic</strong></span> <span class='ocrx_word' id='word_1_70' title='bbox 1141 1260 1221 1320; x_wconf 84' lang='lat' dir='ltr'><strong>enisu</strong></span> <span class='ocrx_word' id='word_1_71' title='bbox 1244 1258 1346 1342; x_wconf 82' lang='lat' dir='ltr'><strong>appel·</strong></span> 
     </span>
     <span class='ocr_line' id='line_1_10' title="bbox 270 1367 1342 1451; baseline -0.002 -23"><span class='ocrx_word' id='word_1_72' title='bbox 270 1369 336 1430; x_wconf 90' lang='lat' dir='ltr'><strong>lant</strong></span> <span class='ocrx_word' id='word_1_73' title='bbox 360 1391 507 1430; x_wconf 79' lang='lat' dir='ltr'><strong>summam</strong></span> <span class='ocrx_word' id='word_1_74' title='bbox 526 1390 637 1450; x_wconf 75' lang='lat' dir='ltr'><strong>panos,</strong></span> <span class='ocrx_word' id='word_1_75' title='bbox 666 1372 753 1451; x_wconf 78' lang='lat' dir='ltr'><strong>cajus</strong></span> <span class='ocrx_word' id='word_1_76' title='bbox 774 1368 979 1428; x_wconf 80' lang='lat' dir='ltr'><strong>comanuniona</strong></span> <span class='ocrx_word' id='word_1_77' title='bbox 999 1375 1108 1426; x_wconf 68' lang='lat' dir='ltr'><strong>canna</strong></span> <span class='ocrx_word' id='word_1_78' title='bbox 1127 1367 1342 1426; x_wconf 69' lang='lat' dir='ltr'><strong>contineantur.</strong></span> 
     </span>
     <span class='ocr_line' id='line_1_11' title="bbox 270 1465 1345 1555; baseline -0.006 -19"><span class='ocrx_word' id='word_1_79' title='bbox 270 1475 441 1536; x_wconf 77' lang='lat' dir='ltr'><strong>Aristoteles</strong></span> <span class='ocrx_word' id='word_1_80' title='bbox 468 1471 598 1555; x_wconf 82' lang='lat' dir='ltr'><strong>lietaph.</strong></span> <span class='ocrx_word' id='word_1_81' title='bbox 619 1473 682 1548; x_wconf 84' lang='lat'><strong>111,</strong></span> <span class='ocrx_word' id='word_1_82' title='bbox 712 1473 743 1534; x_wconf 83' lang='grc'><strong>3.</strong></span> <span class='ocrx_word' id='word_1_83' title='bbox 765 1493 797 1554; x_wconf 86' lang='lat' dir='ltr'><strong>p.</strong></span> <span class='ocrx_word' id='word_1_84' title='bbox 819 1469 879 1532; x_wconf 84' lang='lat'><strong>667</strong></span> <span class='ocrx_word' id='word_1_85' title='bbox 900 1465 946 1548; x_wconf 70' lang='lat' dir='ltr'><strong>tt,</strong></span> <span class='ocrx_word' id='word_1_86' title='bbox 973 1469 1125 1532; x_wconf 85' lang='lat' dir='ltr'><strong>Eudemus</strong></span> <span class='ocrx_word' id='word_1_87' title='bbox 1145 1469 1177 1530; x_wconf 91' lang='lat' dir='ltr'><strong>in</strong></span> <span class='ocrx_word' id='word_1_88' title='bbox 1198 1469 1345 1552; x_wconf 87' lang='lat' dir='ltr'><strong>Simplicii</strong></span> 
     </span>
     <span class='ocr_line' id='line_1_12' title="bbox 270 1576 1347 1663; baseline -0.002 -21"><span class='ocrx_word' id='word_1_89' title='bbox 270 1581 362 1663; x_wconf 83' lang='lat' dir='ltr'><strong>Phys.</strong></span> <span class='ocrx_word' id='word_1_90' title='bbox 383 1579 405 1638; x_wconf 86' lang='lat' dir='ltr'><strong>f.</strong></span> <span class='ocrx_word' id='word_1_91' title='bbox 424 1577 466 1638; x_wconf 84' lang='lat'><strong>29</strong></span> <span class='ocrx_word' id='word_1_92' title='bbox 485 1578 526 1654; x_wconf 77' lang='lat' dir='ltr'><strong>A,</strong></span> <span class='ocrx_word' id='word_1_93' title='bbox 550 1577 588 1639; x_wconf 91' lang='lat' dir='ltr'><strong>de</strong></span> <span class='ocrx_word' id='word_1_94' title='bbox 607 1576 792 1638; x_wconf 85' lang='lat' dir='ltr'><strong>Parmenidis</strong></span> <span class='ocrx_word' id='word_1_95' title='bbox 811 1587 881 1638; x_wconf 88' lang='lat' dir='ltr'><strong>ente</strong></span> <span class='ocrx_word' id='word_1_96' title='bbox 902 1597 1008 1659; x_wconf 77' lang='lat' dir='ltr'><strong>agens:</strong></span> <span class='ocrx_word' id='word_1_97' title='bbox 1036 1582 1071 1640; x_wconf 75' lang='lat' dir='ltr'><strong>ri</strong></span> <span class='ocrx_word' id='word_1_98' title='bbox 1091 1588 1144 1656; x_wconf 74' lang='lat' dir='ltr'><strong>pis</strong></span> <span class='ocrx_word' id='word_1_99' title='bbox 1163 1577 1209 1642; x_wconf 73' lang='lat' dir='ltr'><strong>ola</strong></span> <span class='ocrx_word' id='word_1_100' title='bbox 1228 1583 1347 1644; x_wconf 74' lang='lat' dir='ltr'><strong>saraia</strong></span> 
     </span>
     <span class='ocr_line' id='line_1_13' title="bbox 271 1684 1346 1767; baseline -0.002 -15"><span class='ocrx_word' id='word_1_101' title='bbox 271 1691 321 1756; x_wconf 76' lang='lat' dir='ltr'><strong>als</strong></span> <span class='ocrx_word' id='word_1_102' title='bbox 348 1685 384 1750; x_wconf 61' lang='lat' dir='ltr'><strong>is</strong></span> <span class='ocrx_word' id='word_1_103' title='bbox 412 1691 504 1765; x_wconf 71' lang='lat' dir='ltr'><strong>Myos·</strong></span> <span class='ocrx_word' id='word_1_104' title='bbox 532 1690 599 1750; x_wconf 70' lang='lat' dir='ltr'><strong>stu</strong></span> <span class='ocrx_word' id='word_1_105' title='bbox 618 1694 672 1767; x_wconf 61' lang='lat' dir='ltr'><strong>yar</strong></span> <span class='ocrx_word' id='word_1_106' title='bbox 693 1689 827 1767; x_wconf 55' lang='lat' dir='ltr'><strong>linarias</strong></span> <span class='ocrx_word' id='word_1_107' title='bbox 846 1711 892 1751; x_wconf 78' lang='lat' dir='ltr'><strong>ars</strong></span> <span class='ocrx_word' id='word_1_108' title='bbox 912 1695 953 1750; x_wconf 71' lang='lat' dir='ltr'><strong>ris</strong></span> <span class='ocrx_word' id='word_1_109' title='bbox 973 1692 1113 1760; x_wconf 57' lang='lat' dir='ltr'><strong>waiam</strong></span> <span class='ocrx_word' id='word_1_110' title='bbox 1134 1684 1208 1750; x_wconf 66' lang='grc' dir='ltr'><strong>ἀλλ’</strong></span> <span class='ocrx_word' id='word_1_111' title='bbox 1229 1687 1346 1764; x_wconf 70' lang='lat' dir='ltr'><strong>isram</strong></span> 
     </span>
     <span class='ocr_line' id='line_1_14' title="bbox 270 1788 1346 1873; baseline 0.007 -22"><span class='ocrx_word' id='word_1_112' title='bbox 270 1798 304 1858; x_wconf 64' lang='lat' dir='ltr'><strong>l!</strong></span> <span class='ocrx_word' id='word_1_113' title='bbox 325 1801 381 1858; x_wconf 64' lang='lat' dir='ltr'><strong>viia</strong></span> <span class='ocrx_word' id='word_1_114' title='bbox 401 1798 492 1873; x_wconf 67' lang='grc' dir='ltr'><strong><em>λόγων</em></strong></span> <span class='ocrx_word' id='word_1_115' title='bbox 511 1799 650 1870; x_wconf 68' lang='lat' dir='ltr'><strong>notitias.</strong></span> <span class='ocrx_word' id='word_1_116' title='bbox 694 1790 867 1872; x_wconf 70' lang='lat' dir='ltr'><strong>Simplicius</strong></span> <span class='ocrx_word' id='word_1_117' title='bbox 887 1788 961 1852; x_wconf 80' lang='lat' dir='ltr'><strong>ibid.</strong></span> <span class='ocrx_word' id='word_1_118' title='bbox 983 1789 1005 1851; x_wconf 84' lang='lat' dir='ltr'><strong>i.</strong></span> <span class='ocrx_word' id='word_1_119' title='bbox 1029 1789 1070 1852; x_wconf 81' lang='grc'><strong>28</strong></span> <span class='ocrx_word' id='word_1_120' title='bbox 1090 1791 1130 1852; x_wconf 88' lang='lat' dir='ltr'><strong>B:</strong></span> <span class='ocrx_word' id='word_1_121' title='bbox 1152 1799 1187 1856; x_wconf 76' lang='lat' dir='ltr'><strong>&#39;el</strong></span> <span class='ocrx_word' id='word_1_122' title='bbox 1200 1797 1346 1873; x_wconf 61' lang='lat' dir='ltr'><strong>{timim</strong></span> 
     </span>
     <span class='ocr_line' id='line_1_15' title="bbox 269 1896 1346 1979; baseline -0.007 -15"><span class='ocrx_word' id='word_1_123' title='bbox 269 1903 318 1965; x_wconf 72' lang='lat' dir='ltr'><strong>sta</strong></span> <span class='ocrx_word' id='word_1_124' title='bbox 347 1901 432 1979; x_wconf 64' lang='lat' dir='ltr'><strong>lxo,</strong></span> <span class='ocrx_word' id='word_1_125' title='bbox 462 1903 497 1964; x_wconf 75' lang='lat' dir='ltr'><strong>al</strong></span> <span class='ocrx_word' id='word_1_126' title='bbox 527 1925 562 1963; x_wconf 83' lang='lat' dir='ltr'><strong>rs</strong></span> <span class='ocrx_word' id='word_1_127' title='bbox 589 1902 714 1974; x_wconf 65' lang='lat' dir='ltr'><strong>entatu</strong></span> <span class='ocrx_word' id='word_1_128' title='bbox 734 1906 784 1963; x_wconf 73' lang='lat' dir='ltr'><strong>nni</strong></span> <span class='ocrx_word' id='word_1_129' title='bbox 803 1905 839 1961; x_wconf 68' lang='lat' dir='ltr'><strong>«ri</strong></span> <span class='ocrx_word' id='word_1_130' title='bbox 864 1901 989 1963; x_wconf 64' lang='lat' dir='ltr'><strong>sossii.</strong></span> <span class='ocrx_word' id='word_1_131' title='bbox 1032 1896 1075 1958; x_wconf 84' lang='lat' dir='ltr'><strong>tte</strong></span> <span class='ocrx_word' id='word_1_132' title='bbox 1095 1897 1200 1958; x_wconf 88' lang='lat' dir='ltr'><strong>eodem</strong></span> <span class='ocrx_word' id='word_1_133' title='bbox 1221 1897 1346 1958; x_wconf 78' lang='lat' dir='ltr'><strong>Procles</strong></span> 
     </span>
     <span class='ocr_line' id='line_1_16' title="bbox 269 2001 1350 2087; baseline 0.003 -23"><span class='ocrx_word' id='word_1_134' title='bbox 269 2005 334 2087; x_wconf 91' lang='lat' dir='ltr'><strong>ipse</strong></span> <span class='ocrx_word' id='word_1_135' title='bbox 359 2003 464 2086; x_wconf 90' lang='lat' dir='ltr'><strong>paullo</strong></span> <span class='ocrx_word' id='word_1_136' title='bbox 492 2015 562 2065; x_wconf 88' lang='lat' dir='ltr'><strong>ante</strong></span> <span class='ocrx_word' id='word_1_137' title='bbox 584 2005 628 2085; x_wconf 89' lang='lat' dir='ltr'><strong>(in</strong></span> <span class='ocrx_word' id='word_1_138' title='bbox 648 2004 747 2064; x_wconf 87' lang='lat' dir='ltr'><strong>Parm.</strong></span> <span class='ocrx_word' id='word_1_139' title='bbox 770 2001 802 2062; x_wconf 84' lang='lat' dir='ltr'><strong>T.</strong></span> <span class='ocrx_word' id='word_1_140' title='bbox 823 2001 882 2076; x_wconf 85' lang='lat' dir='ltr'><strong>lv,</strong></span> <span class='ocrx_word' id='word_1_141' title='bbox 909 2023 941 2084; x_wconf 91' lang='lat' dir='ltr'><strong>p.</strong></span> <span class='ocrx_word' id='word_1_142' title='bbox 964 2001 1036 2084; x_wconf 82' lang='grc'>119)</span> <span class='ocrx_word' id='word_1_143' title='bbox 1056 2001 1143 2062; x_wconf 83' lang='lat' dir='ltr'><strong>dicits</strong></span> <span class='ocrx_word' id='word_1_144' title='bbox 1174 2007 1239 2070; x_wconf 72' lang='lat' dir='ltr'><strong>lari</strong></span> <span class='ocrx_word' id='word_1_145' title='bbox 1258 2007 1290 2068; x_wconf 71' lang='grc' dir='ltr'><strong>δὲ</strong></span> <span class='ocrx_word' id='word_1_146' title='bbox 1309 2003 1350 2070; x_wconf 68' lang='lat' dir='ltr'><strong>ad</strong></span> 
     </span>
     <span class='ocr_line' id='line_1_17' title="bbox 270 2109 1346 2192; baseline -0.006 -16"><span class='ocrx_word' id='word_1_147' title='bbox 270 2121 327 2178; x_wconf 81' lang='lat' dir='ltr'><strong>riis</strong></span> <span class='ocrx_word' id='word_1_148' title='bbox 347 2121 463 2178; x_wconf 62' lang='lat' dir='ltr'><strong>notastis</strong></span> <span class='ocrx_word' id='word_1_149' title='bbox 481 2115 579 2191; x_wconf 70' lang='lat' dir='ltr'><strong>laepia</strong></span> <span class='ocrx_word' id='word_1_150' title='bbox 600 2116 634 2175; x_wconf 75' lang='lat' dir='ltr'><strong>ri</strong></span> <span class='ocrx_word' id='word_1_151' title='bbox 654 2115 683 2176; x_wconf 75' lang='lat' dir='ltr'><strong>is</strong></span> <span class='ocrx_word' id='word_1_152' title='bbox 703 2112 801 2184; x_wconf 70' lang='lat' dir='ltr'><strong>sissia</strong></span> <span class='ocrx_word' id='word_1_153' title='bbox 821 2115 944 2176; x_wconf 77' lang='lat' dir='ltr'><strong>nassis.</strong></span> <span class='ocrx_word' id='word_1_154' title='bbox 989 2109 1176 2190; x_wconf 78' lang='lat' dir='ltr'><strong>llauoigitur</strong></span> <span class='ocrx_word' id='word_1_155' title='bbox 1190 2109 1346 2192; x_wconf 85' lang='lat' dir='ltr'><strong>significa·</strong></span> 
     </span>
     <span class='ocr_line' id='line_1_18' title="bbox 270 2214 1350 2298; baseline -0.002 -20"><span class='ocrx_word' id='word_1_156' title='bbox 270 2217 386 2278; x_wconf 87' lang='lat' dir='ltr'><strong>tionem</strong></span> <span class='ocrx_word' id='word_1_157' title='bbox 406 2217 544 2293; x_wconf 75' lang='lat' dir='ltr'><strong>Procius,</strong></span> <span class='ocrx_word' id='word_1_158' title='bbox 567 2227 601 2276; x_wconf 91' lang='lat' dir='ltr'><strong>ut</strong></span> <span class='ocrx_word' id='word_1_159' title='bbox 621 2215 825 2298; x_wconf 75' lang='lat' dir='ltr'><strong>sagacissimam</strong></span> <span class='ocrx_word' id='word_1_160' title='bbox 844 2214 1005 2276; x_wconf 78' lang='lat' dir='ltr'><strong>verborum</strong></span> <span class='ocrx_word' id='word_1_161' title='bbox 1024 2215 1190 2298; x_wconf 80' lang='lat' dir='ltr'><strong>interpres,</strong></span> <span class='ocrx_word' id='word_1_162' title='bbox 1209 2215 1241 2274; x_wconf 94' lang='lat' dir='ltr'><strong>in</strong></span> <span class='ocrx_word' id='word_1_163' title='bbox 1261 2214 1350 2276; x_wconf 84' lang='lat' dir='ltr'><strong>huno</strong></span> 
     </span>
     <span class='ocr_line' id='line_1_19' title="bbox 271 2320 1349 2405; baseline -0.001 -23"><span class='ocrx_word' id='word_1_164' title='bbox 271 2321 375 2384; x_wconf 90' lang='lat' dir='ltr'><strong>locum</strong></span> <span class='ocrx_word' id='word_1_165' title='bbox 393 2321 557 2382; x_wconf 84' lang='lat' dir='ltr'><strong>transtulit.</strong></span> <span class='ocrx_word' id='word_1_166' title='bbox 572 2321 649 2382; x_wconf 86' lang='lat' dir='ltr'><strong>ilino</strong></span> <span class='ocrx_word' id='word_1_167' title='bbox 659 2320 713 2382; x_wconf 88' lang='lat' dir='ltr'><strong>illa</strong></span> <span class='ocrx_word' id='word_1_168' title='bbox 724 2320 888 2405; x_wconf 82' lang='lat' dir='ltr'><strong>explicatio</strong></span> <span class='ocrx_word' id='word_1_169' title='bbox 899 2321 947 2396; x_wconf 91' lang='lat' dir='ltr'><strong>,ia</strong></span> <span class='ocrx_word' id='word_1_170' title='bbox 961 2342 1022 2403; x_wconf 91' lang='lat' dir='ltr'><strong>qua</strong></span> <span class='ocrx_word' id='word_1_171' title='bbox 1030 2342 1096 2382; x_wconf 88' lang='lat' dir='ltr'><strong>nou</strong></span> <span class='ocrx_word' id='word_1_172' title='bbox 1108 2343 1202 2382; x_wconf 85' lang='lat' dir='ltr'><strong>essem</strong></span> <span class='ocrx_word' id='word_1_173' title='bbox 1218 2331 1282 2382; x_wconf 88' lang='lat' dir='ltr'><strong>tam</strong></span> <span class='ocrx_word' id='word_1_174' title='bbox 1293 2321 1349 2382; x_wconf 91' lang='lat' dir='ltr'><strong>diu</strong></span> 
     </span>
     <span class='ocr_line' id='line_1_20' title="bbox 271 2409 1348 2515; baseline 0.003 -30"><span class='ocrx_word' id='word_1_175' title='bbox 271 2409 446 2487; x_wconf 87' lang='lat' dir='ltr'><strong>immoratus</strong></span> <span class='ocrx_word' id='word_1_176' title='bbox 457 2473 467 2504; x_wconf 98' lang='lat'><strong>,</strong></span> <span class='ocrx_word' id='word_1_177' title='bbox 488 2427 546 2487; x_wconf 89' lang='lat' dir='ltr'><strong>nisi</strong></span> <span class='ocrx_word' id='word_1_178' title='bbox 566 2425 708 2508; x_wconf 86' lang='lat' dir='ltr'><strong>exemplo</strong></span> <span class='ocrx_word' id='word_1_179' title='bbox 729 2436 824 2504; x_wconf 89' lang='lat' dir='ltr'><strong>esset,</strong></span> <span class='ocrx_word' id='word_1_180' title='bbox 846 2447 906 2509; x_wconf 91' lang='lat' dir='ltr'><strong>qua</strong></span> <span class='ocrx_word' id='word_1_181' title='bbox 927 2437 989 2487; x_wconf 90' lang='lat' dir='ltr'><strong>arte</strong></span> <span class='ocrx_word' id='word_1_182' title='bbox 1009 2427 1055 2515; x_wconf 79' lang='lat' dir='ltr'><strong>usi</strong></span> <span class='ocrx_word' id='word_1_183' title='bbox 1075 2428 1135 2488; x_wconf 91' lang='lat' dir='ltr'><strong>sint</strong></span> <span class='ocrx_word' id='word_1_184' title='bbox 1151 2427 1301 2488; x_wconf 85' lang='lat' dir='ltr'><strong>Platonici</strong></span> <span class='ocrx_word' id='word_1_185' title='bbox 1313 2428 1348 2488; x_wconf 89' lang='lat' dir='ltr'><strong>in</strong></span> 
     </span>
     <span class='ocr_line' id='line_1_21' title="bbox 271 2531 1350 2615; baseline 0.005 -25"><span class='ocrx_word' id='word_1_186' title='bbox 271 2531 503 2612; x_wconf 85' lang='lat' dir='ltr'><strong>interpretandis</strong></span> <span class='ocrx_word' id='word_1_187' title='bbox 523 2543 658 2594; x_wconf 81' lang='lat' dir='ltr'><strong>setarum</strong></span> <span class='ocrx_word' id='word_1_188' title='bbox 678 2531 812 2614; x_wconf 86' lang='lat' dir='ltr'><strong>scriptis,</strong></span> <span class='ocrx_word' id='word_1_189' title='bbox 832 2553 894 2615; x_wconf 88' lang='lat' dir='ltr'><strong>qua</strong></span> <span class='ocrx_word' id='word_1_190' title='bbox 913 2531 1095 2607; x_wconf 78' lang='lat' dir='ltr'><strong>effecerunt,</strong></span> <span class='ocrx_word' id='word_1_191' title='bbox 1117 2543 1152 2593; x_wconf 90' lang='lat' dir='ltr'><strong>ut</strong></span> <span class='ocrx_word' id='word_1_192' title='bbox 1160 2532 1194 2592; x_wconf 94' lang='lat' dir='ltr'><strong>iu</strong></span> <span class='ocrx_word' id='word_1_193' title='bbox 1205 2531 1350 2595; x_wconf 83' lang='lat' dir='ltr'><strong>omnibus</strong></span> 
     </span>
     <span class='ocr_line' id='line_1_22' title="bbox 271 2635 1351 2720; baseline 0.004 -24"><span class='ocrx_word' id='word_1_194' title='bbox 271 2647 334 2696; x_wconf 89' lang='lat' dir='ltr'><strong>tam</strong></span> <span class='ocrx_word' id='word_1_195' title='bbox 354 2637 514 2718; x_wconf 65' lang='lat' dir='ltr'><strong>poetaram</strong></span> <span class='ocrx_word' id='word_1_196' title='bbox 534 2657 626 2720; x_wconf 89' lang='lat' dir='ltr'><strong>quam</strong></span> <span class='ocrx_word' id='word_1_197' title='bbox 646 2635 899 2720; x_wconf 87' lang='lat' dir='ltr'><strong>philosophorum</strong></span> <span class='ocrx_word' id='word_1_198' title='bbox 918 2635 1003 2698; x_wconf 83' lang='lat' dir='ltr'><strong>libris</strong></span> <span class='ocrx_word' id='word_1_199' title='bbox 1023 2636 1136 2720; x_wconf 89' lang='lat' dir='ltr'><strong>ubique</strong></span> <span class='ocrx_word' id='word_1_200' title='bbox 1156 2659 1228 2698; x_wconf 89' lang='lat' dir='ltr'><strong>suae</strong></span> <span class='ocrx_word' id='word_1_201' title='bbox 1241 2638 1351 2700; x_wconf 90' lang='lat' dir='ltr'><strong>doctri·</strong></span> 
     </span>
     <span class='ocr_line' id='line_1_23' title="bbox 271 2741 1351 2827; baseline 0.003 -25"><span class='ocrx_word' id='word_1_202' title='bbox 271 2762 330 2802; x_wconf 90' lang='lat' dir='ltr'><strong>nae</strong></span> <span class='ocrx_word' id='word_1_203' title='bbox 349 2742 470 2823; x_wconf 83' lang='lat' dir='ltr'><strong>vestigia</strong></span> <span class='ocrx_word' id='word_1_204' title='bbox 490 2743 671 2824; x_wconf 83' lang='lat' dir='ltr'><strong>reperirent,</strong></span> <span class='ocrx_word' id='word_1_205' title='bbox 692 2753 723 2804; x_wconf 92' lang='lat' dir='ltr'><strong>et</strong></span> <span class='ocrx_word' id='word_1_206' title='bbox 741 2763 809 2804; x_wconf 85' lang='lat' dir='ltr'><strong>suas</strong></span> <span class='ocrx_word' id='word_1_207' title='bbox 828 2741 904 2804; x_wconf 92' lang='lat' dir='ltr'><strong>adeo</strong></span> <span class='ocrx_word' id='word_1_208' title='bbox 924 2743 1069 2821; x_wconf 80' lang='lat' dir='ltr'><strong>rationes,</strong></span> <span class='ocrx_word' id='word_1_209' title='bbox 1089 2751 1236 2827; x_wconf 86' lang='lat' dir='ltr'><strong>tanquam</strong></span> <span class='ocrx_word' id='word_1_210' title='bbox 1257 2745 1351 2805; x_wconf 89' lang='lat' dir='ltr'><strong>totius</strong></span> 
     </span>
     <span class='ocr_line' id='line_1_24' title="bbox 272 2845 1224 2932; baseline 0.004 -26"><span class='ocrx_word' id='word_1_211' title='bbox 272 2845 457 2928; x_wconf 85' lang='lat' dir='ltr'><strong>antiquitatis</strong></span> <span class='ocrx_word' id='word_1_212' title='bbox 476 2865 626 2908; x_wconf 88' lang='lat' dir='ltr'><strong>consensu</strong></span> <span class='ocrx_word' id='word_1_213' title='bbox 645 2845 779 2908; x_wconf 87' lang='lat' dir='ltr'><strong>firmatas</strong></span> <span class='ocrx_word' id='word_1_214' title='bbox 799 2858 829 2908; x_wconf 88' lang='lat' dir='ltr'><strong>et</strong></span> <span class='ocrx_word' id='word_1_215' title='bbox 848 2847 1006 2932; x_wconf 82' lang='lat' dir='ltr'><strong>probatas,</strong></span> <span class='ocrx_word' id='word_1_216' title='bbox 1026 2848 1224 2912; x_wconf 85' lang='lat' dir='ltr'><strong>celebrarent.</strong></span> 
     </span>
    </p>

    <p class='ocr_par' dir='ltr' id='par_1_3' title="bbox 200 2950 1351 4100">
     <span class='ocr_line' id='line_1_25' title="bbox 313 2950 1349 3038; baseline 0.004 -28"><span class='ocrx_word' id='word_1_217' title='bbox 313 2951 362 3012; x_wconf 82' lang='lat' dir='ltr'><strong>Vs.</strong></span> <span class='ocrx_word' id='word_1_218' title='bbox 384 2950 424 3013; x_wconf 79' lang='grc'><strong>43</strong></span> <span class='ocrx_word' id='word_1_219' title='bbox 444 2973 492 3035; x_wconf 83' lang='lat' dir='ltr'><strong>sq·</strong></span> <span class='ocrx_word' id='word_1_220' title='bbox 531 2963 588 3034; x_wconf 68' lang='grc' dir='ltr'><strong>χρὴ</strong></span> <span class='ocrx_word' id='word_1_221' title='bbox 608 2959 706 3034; x_wconf 67' lang='grc' dir='ltr'><strong>λέγω</strong></span> <span class='ocrx_word' id='word_1_222' title='bbox 730 2981 764 3020; x_wconf 72' lang='lat' dir='ltr'><strong>na</strong></span> <span class='ocrx_word' id='word_1_223' title='bbox 783 2959 868 3032; x_wconf 65' lang='lat' dir='ltr'><strong>art.)</strong></span> <span class='ocrx_word' id='word_1_224' title='bbox 910 2955 1131 3036; x_wconf 77' lang='lat' dir='ltr'><strong>Argumentum</strong></span> <span class='ocrx_word' id='word_1_225' title='bbox 1156 2953 1237 3015; x_wconf 87' lang='lat' dir='ltr'><strong>idem</strong></span> <span class='ocrx_word' id='word_1_226' title='bbox 1263 2953 1349 3038; x_wconf 88' lang='lat' dir='ltr'><strong>quod</strong></span> 
     </span>
     <span class='ocr_line' id='line_1_26' title="bbox 272 3057 1349 3142; baseline 0.004 -24"><span class='ocrx_word' id='word_1_227' title='bbox 272 3057 477 3120; x_wconf 84' lang='lat' dir='ltr'><strong>antecedentis</strong></span> <span class='ocrx_word' id='word_1_228' title='bbox 488 3079 587 3120; x_wconf 84' lang='lat' dir='ltr'><strong>versus</strong></span> <span class='ocrx_word' id='word_1_229' title='bbox 598 3058 653 3138; x_wconf 76' lang='lat'><strong>405</strong></span> <span class='ocrx_word' id='word_1_230' title='bbox 669 3059 875 3124; x_wconf 82' lang='lat' dir='ltr'><strong>demonstrare</strong></span> <span class='ocrx_word' id='word_1_231' title='bbox 889 3059 972 3137; x_wconf 82' lang='lat' dir='ltr'><strong>vult,</strong></span> <span class='ocrx_word' id='word_1_232' title='bbox 989 3060 1157 3142; x_wconf 78' lang='lat' dir='ltr'><strong>cogitare</strong></span> <span class='ocrx_word' id='word_1_233' title='bbox 1172 3071 1203 3121; x_wconf 88' lang='lat' dir='ltr'><strong>et</strong></span> <span class='ocrx_word' id='word_1_234' title='bbox 1220 3059 1349 3122; x_wconf 87' lang='lat' dir='ltr'><strong>dicere</strong></span> 
     </span>
     <span class='ocr_line' id='line_1_27' title="bbox 200 3162 1350 3254; baseline 0.002 -30"><span class='ocrx_word' id='word_1_235' title='bbox 200 3247 202 3254; x_wconf 33' lang='grc' dir='ltr'>Ι</span> <span class='ocrx_word' id='word_1_236' title='bbox 272 3183 326 3224; x_wconf 90' lang='lat' dir='ltr'><strong>ens</strong></span> <span class='ocrx_word' id='word_1_237' title='bbox 354 3185 437 3241; x_wconf 87' lang='lat' dir='ltr'><strong>esse,</strong></span> <span class='ocrx_word' id='word_1_238' title='bbox 466 3165 549 3248; x_wconf 90' lang='lat' dir='ltr'><strong>quod</strong></span> <span class='ocrx_word' id='word_1_239' title='bbox 569 3162 628 3226; x_wconf 90' lang='lat' dir='ltr'><strong>hac</strong></span> <span class='ocrx_word' id='word_1_240' title='bbox 647 3166 819 3228; x_wconf 85' lang='lat' dir='ltr'><strong>ratiuncula</strong></span> <span class='ocrx_word' id='word_1_241' title='bbox 840 3165 1016 3228; x_wconf 85' lang='lat' dir='ltr'><strong>concludit:</strong></span> <span class='ocrx_word' id='word_1_242' title='bbox 1047 3165 1147 3228; x_wconf 89' lang='lat' dir='ltr'><strong>dicere</strong></span> <span class='ocrx_word' id='word_1_243' title='bbox 1166 3177 1197 3226; x_wconf 91' lang='lat' dir='ltr'><strong>et</strong></span> <span class='ocrx_word' id='word_1_244' title='bbox 1216 3167 1350 3248; x_wconf 70' lang='lat' dir='ltr'><strong>cogitare</strong></span> 
     </span>
     <span class='ocr_line' id='line_1_28' title="bbox 271 3269 1350 3354; baseline 0 -22"><span class='ocrx_word' id='word_1_245' title='bbox 271 3281 346 3348; x_wconf 72' lang='lat' dir='ltr'><strong>ast,</strong></span> <span class='ocrx_word' id='word_1_246' title='bbox 368 3269 584 3354; x_wconf 89' lang='lat' dir='ltr'><strong>quodcumque</strong></span> <span class='ocrx_word' id='word_1_247' title='bbox 605 3283 664 3349; x_wconf 90' lang='lat' dir='ltr'><strong>est,</strong></span> <span class='ocrx_word' id='word_1_248' title='bbox 685 3273 851 3336; x_wconf 83' lang='lat' dir='ltr'><strong>necessario</strong></span> <span class='ocrx_word' id='word_1_249' title='bbox 872 3293 940 3334; x_wconf 88' lang='lat' dir='ltr'><strong>ens</strong></span> <span class='ocrx_word' id='word_1_250' title='bbox 963 3283 1020 3340; x_wconf 69' lang='lat' dir='ltr'><strong>ests</strong></span> <span class='ocrx_word' id='word_1_251' title='bbox 1041 3291 1113 3354; x_wconf 74' lang='lat' dir='ltr'><strong>ergo</strong></span> <span class='ocrx_word' id='word_1_252' title='bbox 1134 3271 1234 3332; x_wconf 89' lang='lat' dir='ltr'><strong>dicere</strong></span> <span class='ocrx_word' id='word_1_253' title='bbox 1254 3282 1284 3332; x_wconf 86' lang='lat' dir='ltr'><strong>et</strong></span> <span class='ocrx_word' id='word_1_254' title='bbox 1297 3292 1350 3332; x_wconf 92' lang='lat' dir='ltr'><strong>co·</strong></span> 
     </span>
     <span class='ocr_line' id='line_1_29' title="bbox 272 3376 1350 3460; baseline 0 -22"><span class='ocrx_word' id='word_1_255' title='bbox 272 3377 365 3459; x_wconf 70' lang='lat' dir='ltr'><strong>gitare</strong></span> <span class='ocrx_word' id='word_1_256' title='bbox 385 3397 438 3438; x_wconf 90' lang='lat' dir='ltr'><strong>ens</strong></span> <span class='ocrx_word' id='word_1_257' title='bbox 458 3389 511 3438; x_wconf 90' lang='lat' dir='ltr'><strong>ast.</strong></span> <span class='ocrx_word' id='word_1_258' title='bbox 552 3378 781 3460; x_wconf 80' lang='lat' dir='ltr'><strong>Argumentatio</strong></span> <span class='ocrx_word' id='word_1_259' title='bbox 802 3377 877 3440; x_wconf 88' lang='lat' dir='ltr'><strong>haec</strong></span> <span class='ocrx_word' id='word_1_260' title='bbox 891 3399 908 3439; x_wconf 91' lang='lat' dir='ltr'><strong>e</strong></span> <span class='ocrx_word' id='word_1_261' title='bbox 920 3376 1106 3439; x_wconf 85' lang='lat' dir='ltr'><strong>Parmenidis</strong></span> <span class='ocrx_word' id='word_1_262' title='bbox 1118 3387 1221 3438; x_wconf 87' lang='lat' dir='ltr'><strong>mente</strong></span> <span class='ocrx_word' id='word_1_263' title='bbox 1233 3397 1300 3436; x_wconf 90' lang='lat' dir='ltr'><strong>non</strong></span> <span class='ocrx_word' id='word_1_264' title='bbox 1313 3397 1350 3438; x_wconf 92' lang='lat' dir='ltr'><strong>eo</strong></span> 
     </span>
     <span class='ocr_line' id='line_1_30' title="bbox 271 3469 1350 3566; baseline 0.005 -26"><span class='ocrx_word' id='word_1_265' title='bbox 271 3481 365 3557; x_wconf 78' lang='lat' dir='ltr'><strong>salet,</strong></span> <span class='ocrx_word' id='word_1_266' title='bbox 380 3493 416 3544; x_wconf 94' lang='lat' dir='ltr'><strong>ut</strong></span> <span class='ocrx_word' id='word_1_267' title='bbox 428 3502 520 3544; x_wconf 88' lang='lat' dir='ltr'><strong>omne</strong></span> <span class='ocrx_word' id='word_1_268' title='bbox 534 3482 696 3546; x_wconf 84' lang='lat' dir='ltr'><strong>discrimen</strong></span> <span class='ocrx_word' id='word_1_269' title='bbox 708 3484 789 3545; x_wconf 88' lang='lat' dir='ltr'><strong>iuter</strong></span> <span class='ocrx_word' id='word_1_270' title='bbox 808 3500 891 3546; x_wconf 87' lang='lat' dir='ltr'><strong>esse</strong></span> <span class='ocrx_word' id='word_1_271' title='bbox 911 3493 942 3544; x_wconf 90' lang='lat' dir='ltr'><strong>et</strong></span> <span class='ocrx_word' id='word_1_272' title='bbox 962 3469 1168 3564; x_wconf 74' lang='lat' dir='ltr'><strong>cogitare,</strong></span> <span class='ocrx_word' id='word_1_273' title='bbox 1189 3483 1350 3566; x_wconf 87' lang='lat' dir='ltr'><strong>omnisque</strong></span> 
     </span>
     <span class='ocr_line' id='line_1_31' title="bbox 271 3585 1348 3668; baseline -0.002 -18"><span class='ocrx_word' id='word_1_274' title='bbox 271 3585 349 3650; x_wconf 80' lang='lat' dir='ltr'><strong>adeo</strong></span> <span class='ocrx_word' id='word_1_275' title='bbox 367 3610 470 3650; x_wconf 88' lang='lat' dir='ltr'><strong>rerum</strong></span> <span class='ocrx_word' id='word_1_276' title='bbox 490 3588 642 3651; x_wconf 83' lang='lat' dir='ltr'><strong>diversitas</strong></span> <span class='ocrx_word' id='word_1_277' title='bbox 661 3589 805 3668; x_wconf 83' lang='lat' dir='ltr'><strong>tollatur3</strong></span> <span class='ocrx_word' id='word_1_278' title='bbox 827 3589 880 3650; x_wconf 90' lang='lat' dir='ltr'><strong>sed</strong></span> <span class='ocrx_word' id='word_1_279' title='bbox 899 3588 960 3650; x_wconf 90' lang='lat' dir='ltr'><strong>hoc</strong></span> <span class='ocrx_word' id='word_1_280' title='bbox 972 3589 1080 3666; x_wconf 89' lang='lat' dir='ltr'><strong>docet,</strong></span> <span class='ocrx_word' id='word_1_281' title='bbox 1094 3587 1173 3650; x_wconf 89' lang='lat' dir='ltr'><strong>nihil</strong></span> <span class='ocrx_word' id='word_1_282' title='bbox 1186 3607 1348 3662; x_wconf 74' lang='lat' dir='ltr'><strong>non-eam,</strong></span> 
     </span>
     <span class='ocr_line' id='line_1_32' title="bbox 271 3693 1349 3777; baseline 0 -25"><span class='ocrx_word' id='word_1_283' title='bbox 271 3711 325 3752; x_wconf 90' lang='lat' dir='ltr'><strong>ens</strong></span> <span class='ocrx_word' id='word_1_284' title='bbox 343 3705 446 3776; x_wconf 85' lang='lat' dir='ltr'><strong>patera</strong></span> <span class='ocrx_word' id='word_1_285' title='bbox 465 3715 520 3777; x_wconf 88' lang='lat' dir='ltr'><strong>per</strong></span> <span class='ocrx_word' id='word_1_286' title='bbox 539 3697 642 3758; x_wconf 69' lang='lat' dir='ltr'><strong>omum</strong></span> <span class='ocrx_word' id='word_1_287' title='bbox 652 3741 662 3772; x_wconf 92' lang='lat'>‚</span> <span class='ocrx_word' id='word_1_288' title='bbox 683 3693 742 3758; x_wconf 80' lang='lat' dir='ltr'><strong>nec</strong></span> <span class='ocrx_word' id='word_1_289' title='bbox 761 3695 825 3756; x_wconf 87' lang='lat' dir='ltr'><strong>sine</strong></span> <span class='ocrx_word' id='word_1_290' title='bbox 845 3693 905 3756; x_wconf 93' lang='lat' dir='ltr'><strong>hoc</strong></span> <span class='ocrx_word' id='word_1_291' title='bbox 926 3695 986 3756; x_wconf 91' lang='lat' dir='ltr'><strong>dici</strong></span> <span class='ocrx_word' id='word_1_292' title='bbox 1007 3695 1166 3776; x_wconf 81' lang='lat' dir='ltr'><strong>cogitarire</strong></span> <span class='ocrx_word' id='word_1_293' title='bbox 1180 3693 1349 3777; x_wconf 81' lang='lat' dir='ltr'><strong>quidquam</strong></span> 
     </span>
     <span class='ocr_line' id='line_1_33' title="bbox 271 3799 1350 3883; baseline 0.005 -24"><span class='ocrx_word' id='word_1_294' title='bbox 271 3817 376 3878; x_wconf 89' lang='lat' dir='ltr'><strong>posse,</strong></span> <span class='ocrx_word' id='word_1_295' title='bbox 398 3800 475 3861; x_wconf 89' lang='lat' dir='ltr'><strong>sicut</strong></span> <span class='ocrx_word' id='word_1_296' title='bbox 496 3822 539 3861; x_wconf 88' lang='lat' dir='ltr'><strong>rs.</strong></span> <span class='ocrx_word' id='word_1_297' title='bbox 556 3799 596 3861; x_wconf 74' lang='lat'><strong>94</strong></span> <span class='ocrx_word' id='word_1_298' title='bbox 620 3801 713 3863; x_wconf 85' lang='lat' dir='ltr'><strong>dicit:</strong></span> <span class='ocrx_word' id='word_1_299' title='bbox 740 3807 769 3866; x_wconf 78' lang='lat' dir='ltr'><strong>al</strong></span> <span class='ocrx_word' id='word_1_300' title='bbox 790 3811 845 3883; x_wconf 65' lang='grc' dir='ltr'><strong>γὰρ</strong></span> <span class='ocrx_word' id='word_1_301' title='bbox 865 3809 930 3868; x_wconf 67' lang='grc' dir='ltr'><strong>ὕνιν</strong></span> <span class='ocrx_word' id='word_1_302' title='bbox 949 3811 1000 3868; x_wconf 67' lang='lat' dir='ltr'><strong>rsit*</strong></span> <span class='ocrx_word' id='word_1_303' title='bbox 1019 3807 1145 3876; x_wconf 63' lang='grc' dir='ltr'><strong>ἱέντος..</strong></span> <span class='ocrx_word' id='word_1_304' title='bbox 1168 3805 1293 3882; x_wconf 65' lang='lat' dir='ltr'><strong>adparere</strong></span> <span class='ocrx_word' id='word_1_305' title='bbox 1315 3807 1350 3864; x_wconf 78' lang='lat' dir='ltr'><strong>sl</strong></span> 
     </span>
     <span class='ocr_line' id='line_1_34' title="bbox 269 3906 1351 3990; baseline 0.006 -20"><span class='ocrx_word' id='word_1_306' title='bbox 269 3912 350 3970; x_wconf 80' lang='lat' dir='ltr'><strong>satis·</strong></span> <span class='ocrx_word' id='word_1_307' title='bbox 371 3909 447 3972; x_wconf 73' lang='lat' dir='ltr'><strong>allis</strong></span> <span class='ocrx_word' id='word_1_308' title='bbox 467 3917 522 3988; x_wconf 66' lang='lat' dir='ltr'><strong>yn</strong></span> <span class='ocrx_word' id='word_1_309' title='bbox 541 3912 619 3974; x_wconf 71' lang='lat' dir='ltr'><strong>lorea</strong></span> <span class='ocrx_word' id='word_1_310' title='bbox 639 3911 655 3980; x_wconf 73' lang='grc'>1</span> <span class='ocrx_word' id='word_1_311' title='bbox 672 3910 754 3974; x_wconf 74' lang='lat' dir='ltr'><strong>laras</strong></span> <span class='ocrx_word' id='word_1_312' title='bbox 768 3913 847 3974; x_wconf 66' lang='grc' dir='ltr'><strong>ἄλλο</strong></span> <span class='ocrx_word' id='word_1_313' title='bbox 859 3909 950 3990; x_wconf 69' lang='grc' dir='ltr'><strong><em>πάρεξ</em></strong></span> <span class='ocrx_word' id='word_1_314' title='bbox 961 3915 1014 3974; x_wconf 67' lang='lat' dir='ltr'><strong>‘rai</strong></span> <span class='ocrx_word' id='word_1_315' title='bbox 1025 3913 1132 3983; x_wconf 73' lang='lat' dir='ltr'><strong>ituros.</strong></span> <span class='ocrx_word' id='word_1_316' title='bbox 1175 3906 1351 3987; x_wconf 66' lang='lat' dir='ltr'><strong>Simplissiuss</strong></span> 
     </span>
     <span class='ocr_line' id='line_1_35' title="bbox 270 4007 1348 4100; baseline 0.012 -33"><span class='ocrx_word' id='word_1_317' title='bbox 270 4007 293 4068; x_wconf 88' lang='lat' dir='ltr'><strong>l.</strong></span> <span class='ocrx_word' id='word_1_318' title='bbox 312 4007 335 4068; x_wconf 92' lang='lat' dir='ltr'><strong>l.</strong></span> <span class='ocrx_word' id='word_1_319' title='bbox 356 4009 378 4070; x_wconf 79' lang='lat' dir='ltr'><strong>i.</strong></span> <span class='ocrx_word' id='word_1_320' title='bbox 402 4010 441 4071; x_wconf 82' lang='lat'><strong>19</strong></span> <span class='ocrx_word' id='word_1_321' title='bbox 456 4015 480 4072; x_wconf 83' lang='grc' dir='ltr'><strong>Α</strong></span> <span class='ocrx_word' id='word_1_322' title='bbox 489 4059 498 4092; x_wconf 97' lang='lat'><strong>,</strong></span> <span class='ocrx_word' id='word_1_323' title='bbox 521 4013 686 4076; x_wconf 87' lang='lat' dir='ltr'><strong>sententiae</strong></span> <span class='ocrx_word' id='word_1_324' title='bbox 699 4015 793 4099; x_wconf 87' lang='lat' dir='ltr'><strong>hujus</strong></span> <span class='ocrx_word' id='word_1_325' title='bbox 805 4037 955 4082; x_wconf 84' lang='lat' dir='ltr'><strong>summam</strong></span> <span class='ocrx_word' id='word_1_326' title='bbox 968 4018 1010 4082; x_wconf 86' lang='lat' dir='ltr'><strong>sic</strong></span> <span class='ocrx_word' id='word_1_327' title='bbox 1024 4015 1167 4100; x_wconf 71' lang='lat' dir='ltr'><strong>exponit:</strong></span> <span class='ocrx_word' id='word_1_328' title='bbox 1184 4021 1208 4080; x_wconf 82' lang='lat' dir='ltr'><strong>ai</strong></span> <span class='ocrx_word' id='word_1_329' title='bbox 1224 4015 1270 4080; x_wconf 70' lang='lat' dir='ltr'><strong>otu</strong></span> <span class='ocrx_word' id='word_1_330' title='bbox 1283 4015 1348 4091; x_wconf 72' lang='lat' dir='ltr'><strong>ines</strong></span> 
     </span>
    </p>
   </div>
   <div class='ocr_carea' id='block_1_3' title="bbox 0 0 1509 4844">
    <p class='ocr_par' dir='ltr' id='par_1_4' title="bbox 0 0 1509 4844">
     <span class='ocr_line' id='line_1_36' title="bbox 0 0 1509 4844; baseline 0 0"><span class='ocrx_word' id='word_1_331' title='bbox 0 0 1509 4844; x_wconf 95' lang='lat' dir='ltr'><strong> </strong></span> 
     </span>
    </p>
   </div>
  </div>
 </body>
</html>
