2870 4824
243 305 266 368 6
693 321 882 368 xenornarus

244 475 321 553 Hoc
334 476 579 548 testimonium
593 473 776 573 plerisque
792 476 986 574 persuasit,
1005 486 1049 546 ut
1068 473 1331 572 Xenophanem

244 597 323 682 post
344 609 505 683 pugnam
530 582 758 657 Salaminiam
783 598 847 658 aut
870 597 967 658 certe
985 583 1243 654 Marathoniam
1263 609 1332 656 su-

244 693 429 790 perstitem
460 691 567 764 fuisse
592 702 794 788 putarent:
818 715 977 789 quarum
1003 689 1091 762 haec
1115 688 1332 790 Olympiade

201 857 203 862 ,
246 822 318 896 72,
351 796 413 868 illa
438 795 580 896 Olymp.
610 795 656 896 75
682 797 772 870 facta
797 809 862 868 est.
890 797 994 868 Unde
1019 795 1268 894 collegerunt,
1286 794 1334 867 il·

244 902 324 976 lum
354 915 451 978 certo
482 915 665 976 conante
692 903 1027 1001 quinquagesimam
1053 901 1334 1000 Olympiadem,

243 1011 306 1086 aed
335 1011 455 1109 potius
475 1009 661 1108 aliquanto
684 1023 805 1108 postea
834 1023 961 1084 natum
984 1035 1084 1099 esse,
1109 1021 1152 1081 ut
1168 1021 1265 1082 recte
1280 1007 1333 1080 di·

244 1131 389 1190 ceretur
411 1143 431 1188 a
456 1117 598 1188 Timaeo
612 1117 778 1188 Hieronis
794 1130 910 1190 aetate
928 1117 1064 1190 vixisse.
1081 1116 1134 1186 Ita
1148 1114 1334 1188 Casaubo-

244 1249 347 1310 nus,
377 1222 609 1314 Dodwellus,
636 1221 801 1314 Baelius,
830 1222 1067 1314 Feuerlinus,
1095 1221 1332 1312 Bruclserus,

245 1329 430 1404 Harlesius
454 1329 616 1402 arbitrati
629 1343 716 1402 sunt
739 1340 751 1378 ⁹
779 1356 787 1401 ι
811 1356 918 1402 nemo
942 1327 1334 1428 suspicabatur,aliam

245 1461 346 1533 posse
364 1436 551 1509 Medorum
567 1437 790 1510 invasionem
809 1436 963 1536 intelligi
979 1463 1092 1536 quam
1112 1461 1193 1508 eam
1212 1461 1333 1533 quae,
1433 1509 1434 1512 ,

244 1547 358 1614 Dario
382 1541 441 1616 vel
464 1547 579 1616 Xerxe
608 1556 806 1642 regnante,
829 1543 869 1616 in
895 1540 1084 1616 Graeciam
1110 1543 1201 1615 facta
1229 1553 1334 1614 esset.

243 1646 287 1726 Id
310 1649 396 1724 vero
418 1649 601 1748 redarguit
625 1675 744 1748 nuper
767 1648 859 1722 Clar.
882 1651 1004 1724 Victor
1027 1649 1183 1740 Consin,
1207 1647 1336 1721 litera-

246 1755 401 1828 tissimus
436 1757 531 1829 inter
558 1755 784 1854 philosophos
808 1767 858 1843 ¹⁰,
885 1759 951 1854 qui
983 1757 1114 1854 prohat
1145 1755 1335 1853 Xenopha-

244 1863 300 1937 nis
324 1863 463 1938 dictum
488 1862 534 1936 ad
557 1865 782 1962 superiorem
808 1865 929 1961 potius
957 1877 1117 1960 spectare
1143 1863 1336 1936 Medorum

245 1973 528 2070 expeditionem,
545 1979 709 2069 Hcrpcqo
721 1973 836 2058 duce,
860 1973 1029 2047 adversus
1042 1970 1196 2045 Graecos
1213 1972 1336 2044 Asiam

244 2079 442 2151 incolentes
464 2092 690 2175 susceptam,
722 2103 795 2176 qua
812 2075 980 2175 plerique
996 2078 1187 2152 Persarum
1219 2079 1335 2176 impe·

245 2184 299 2255 rio
324 2183 502 2278 subJecti,
531 2183 701 2255 nonnulli
727 2209 809 2258 vero
834 2185 1044 2280 praesertim
1068 2185 1334 2276 Phocaeenses‚

244 2288 369 2362 relicta
394 2290 530 2387 patria,
559 2290 711 2364 navibus
736 2289 885 2387 profecti
910 2302 996 2361 sunt
1024 2291 1154 2388 partim
1180 2290 1218 2360 in
1242 2287 1337 2361 Gal-

246 2393 357 2489 liam,
382 2397 447 2469 ubi
471 2395 659 2468 Massiliam
680 2397 961 2496 frequentarunt
976 2395 1123 2490 incolis,
1147 2397 1336 2496 partimin

245 2501 411 2596 Italiam,
431 2501 496 2574 ubi
514 2501 761 2575 condiderunt
777 2501 916 2575 Veliam
934 2529 944 2596 ;
964 2503 1003 2574 in
1020 2528 1131 2602 quam
1152 2503 1338 2578 civitatem
1358 2523 1362 2532 “
1433 2509 1434 2512 ’

245 2621 366 2711 postea
383 2610 459 2708 ipse
477 2608 717 2706 Xenophanes
730 2609 930 2682 habitatum
942 2611 1125 2684 concessit.
1140 2609 1239 2703 Quid
1250 2634 1346 2708 ergo,

245 2713 514 2789 memorabilius
532 2717 568 2788 ei
587 2715 653 2788 hac
669 2716 897 2813 expeditione
915 2728 1054 2814 poterat
1075 2715 1222 2807 haberi,
1239 2740 1337 2814 quae

246 2833 321 2895 tam
335 2822 490 2922 publicis
506 2823 586 2918 ejus
599 2848 709 2922 quam
723 2825 869 2922 privatis
883 2824 992 2897 rebus
1005 2836 1096 2898 esset
1110 2823 1336 2919 conjuncta?

245 2929 371 3028 anue
400 2954 526 3001 rerum
556 2931 710 3002 mutatio
742 2931 781 3001 in
811 2933 931 3030 ipsum
958 2929 1052 3004 illud
1081 2931 1209 3004 incidit
1235 2945 1336 3005 tem-

244 3061 348 3136 pus,
362 3061 436 3136 quo
462 3033 623 3110 floruisse
650 3037 911 3136 Xenophanem
933 3050 1072 3111 veteres
1095 3050 1297 3112 memorant
1325 3065 1335 3110 ι

244 3143 412 3244 quocirca
435 3167 509 3214 non
524 3141 670 3218 videtur
694 3143 738 3218 de
754 3144 820 3216 hac
836 3144 1137 3244 interpretatione
1150 3170 1249 3244 posse
1265 3145 1335 3220 du-

287 3381 332 3464 (9l
355 3381 510 3442 Casaubon.
531 3380 680 3443 animadv.
696 3381 732 3443 ad
746 3382 888 3466 Athen.p.
909 3403 975 3442 ιιο.
988 3381 1126 3444 Dodwell.
1142 3383 1178 3444 de
1193 3382 1337 3445 veteribus

248 3471 349 3532 Graec.
369 3483 397 3530 et
418 3471 537 3530 Roman.
556 3470 652 3552 cyclis.
676 3473 749 3532 Diss.
771 3473 823 3544 Ill,
843 3494 871 3552 p.
894 3469 958 3549 134.
987 3474 1035 3550 qui
1053 3495 1111 3534 non
1131 3473 1221 3534 solum
1241 3472 1338 3534 Xeno·

247 3563 388 3646 phanem,
411 3560 461 3622 sed
480 3563 548 3624 alios
567 3582 692 3640 quoque,
709 3576 740 3622 ut
758 3563 984 3645 Epaminondam
999 3576 1028 3622 et
1044 3565 1249 3646 Pythagoram,
1265 3565 1338 3624 facit

248 3655 375 3713 seriores.
399 3651 486 3734 Bayle
507 3652 631 3713 Diction.
654 3653 684 3711 in
704 3655 885 3732 Xenophon.
907 3655 955 3731 qui
974 3655 1117 3713 tamenin
1140 3652 1338 3715 constituenda

247 3741 309 3821 ejus
325 3753 415 3802 aetate
429 3742 555 3804 fluctuat.
572 3741 733 3804 Fauerlinus
753 3745 871 3804 Dissert.
886 3741 952 3802 hist.
968 3742 1069 3824 philos.
1088 3741 1123 3804 de
1138 3741 1334 3824 Xenophano;

248 3833 327 3914 eujus
346 3831 543 3916 disputationis
563 3855 698 3894 summam
715 3836 802 3896 refert
820 3835 929 3895 Harles.
949 3836 981 3894 in
990 3835 1111 3896 Fabricii
1131 3833 1265 3896 Biblioth.
1284 3835 1338 3896 Gr.

249 3923 285 3983 T.
306 3923 346 3983 Il.
367 3945 396 4005 p.
413 3923 484 4002 614.
505 3923 631 3984 Brucher
647 3925 722 3986 Hist.
744 3927 807 3986 crit.
827 3925 928 4007 philos.
949 3926 985 3986 T.
1003 3926 1033 4002 l,
1054 3947 1083 4008 p.
1110 3924 1197 4004 1143.

291 4013 357 4093 (ιο)
377 4012 533 4074 Nouveaux
551 4015 693 4095 stagnans
712 4014 814 4096 philos.
836 4035 866 4096 p.
891 4013 992 4076 ra·r5.
