<?xml version="1.0" encoding="UTF-8"?>
<!DOCTYPE html PUBLIC "-//W3C//DTD XHTML 1.0 Transitional//EN"
    "http://www.w3.org/TR/xhtml1/DTD/xhtml1-transitional.dtd">
<html xmlns="http://www.w3.org/1999/xhtml" xml:lang="en" lang="en">
 <head>
  <title>
</title>
<meta http-equiv="Content-Type" content="text/html;charset=utf-8" />
  <meta name='ocr-system' content='tesseract 3.04.00' />
  <meta name='ocr-capabilities' content='ocr_page ocr_carea ocr_par ocr_line ocrx_word'/>
</head>
<body>
  <div class='ocr_page' id='page_1' title='image "./philosophorumgr01xenogoog_0055.png"; bbox 0 0 2870 4824; ppageno 0'>
   <div class='ocr_carea' id='block_1_1' title="bbox 438 341 1143 406">
    <p class='ocr_par' dir='ltr' id='par_1_1' title="bbox 438 341 1143 406">
     <span class='ocr_line' id='line_1_1' title="bbox 438 341 1143 406; baseline -0.004 -6"><span class='ocrx_word' id='word_1_1' title='bbox 438 356 513 400; x_wconf 79' lang='lat' dir='ltr'><strong>vrrs</strong></span> <span class='ocrx_word' id='word_1_2' title='bbox 536 357 576 400; x_wconf 80' lang='lat' dir='ltr'><strong>ar</strong></span> <span class='ocrx_word' id='word_1_3' title='bbox 599 357 720 400; x_wconf 77' lang='lat' dir='ltr'><strong>sonora.</strong></span> <span class='ocrx_word' id='word_1_4' title='bbox 1101 341 1143 406; x_wconf 81' lang='grc'><strong>19</strong></span> 
     </span>
    </p>
   </div>
   <div class='ocr_carea' id='block_1_2' title="bbox 66 491 1142 609">
    <p class='ocr_par' dir='ltr' id='par_1_2' title="bbox 66 491 1142 609">
     <span class='ocr_line' id='line_1_2' title="bbox 66 491 1142 609; baseline 0.007 -31"><span class='ocrx_word' id='word_1_5' title='bbox 66 531 124 578; x_wconf 92' lang='lat' dir='ltr'><strong>non</strong></span> <span class='ocrx_word' id='word_1_6' title='bbox 145 517 293 579; x_wconf 88' lang='lat' dir='ltr'><strong>certum</strong></span> <span class='ocrx_word' id='word_1_7' title='bbox 317 518 375 578; x_wconf 88' lang='lat' dir='ltr'><strong>est</strong></span> <span class='ocrx_word' id='word_1_8' title='bbox 397 531 518 606; x_wconf 89' lang='lat' dir='ltr'><strong>neque</strong></span> <span class='ocrx_word' id='word_1_9' title='bbox 537 491 750 605; x_wconf 76' lang='lat' dir='ltr'><strong>probabile,</strong></span> <span class='ocrx_word' id='word_1_10' title='bbox 770 509 889 580; x_wconf 89' lang='lat' dir='ltr'><strong>omnia</strong></span> <span class='ocrx_word' id='word_1_11' title='bbox 911 509 1142 609; x_wconf 87' lang='lat' dir='ltr'><strong>Xenophanis</strong></span> 
     </span>
    </p>
   </div>
   <div class='ocr_carea' id='block_1_3' title="bbox 63 613 1150 2828">
    <p class='ocr_par' dir='ltr' id='par_1_3' title="bbox 63 613 1150 2828">
     <span class='ocr_line' id='line_1_3' title="bbox 66 613 1144 713; baseline 0.003 -26"><span class='ocrx_word' id='word_1_12' title='bbox 66 613 207 687; x_wconf 80' lang='lat' dir='ltr'><strong>oermina</strong></span> <span class='ocrx_word' id='word_1_13' title='bbox 231 613 364 686; x_wconf 86' lang='lat' dir='ltr'><strong>eodem</strong></span> <span class='ocrx_word' id='word_1_14' title='bbox 389 614 495 686; x_wconf 92' lang='lat' dir='ltr'><strong>modo</strong></span> <span class='ocrx_word' id='word_1_15' title='bbox 513 613 620 687; x_wconf 88' lang='lat' dir='ltr'><strong>fuisse</strong></span> <span class='ocrx_word' id='word_1_16' title='bbox 636 614 792 688; x_wconf 88' lang='lat' dir='ltr'><strong>recitata.</strong></span> <span class='ocrx_word' id='word_1_17' title='bbox 816 613 1023 713; x_wconf 73' lang='lat' dir='ltr'><strong>Composuit</strong></span> <span class='ocrx_word' id='word_1_18' title='bbox 1044 619 1144 690; x_wconf 90' lang='lat' dir='ltr'><strong>enim</strong></span> 
     </span>
     <span class='ocr_line' id='line_1_4' title="bbox 66 721 1143 826; baseline 0.004 -30"><span class='ocrx_word' id='word_1_19' title='bbox 66 723 145 796; x_wconf 86' lang='lat' dir='ltr'><strong>raria</strong></span> <span class='ocrx_word' id='word_1_20' title='bbox 167 723 380 794; x_wconf 82' lang='lat' dir='ltr'><strong>carminum</strong></span> <span class='ocrx_word' id='word_1_21' title='bbox 403 747 556 821; x_wconf 86' lang='lat' dir='ltr'><strong>genera,</strong></span> <span class='ocrx_word' id='word_1_22' title='bbox 582 746 740 820; x_wconf 90' lang='lat' dir='ltr'><strong>quorum</strong></span> <span class='ocrx_word' id='word_1_23' title='bbox 762 723 792 796; x_wconf 83' lang='lat' dir='ltr'><strong>si</strong></span> <span class='ocrx_word' id='word_1_24' title='bbox 816 721 967 796; x_wconf 86' lang='lat' dir='ltr'><strong>formam</strong></span> <span class='ocrx_word' id='word_1_25' title='bbox 991 737 1143 826; x_wconf 84' lang='lat' dir='ltr'><strong>spectes,</strong></span> 
     </span>
     <span class='ocr_line' id='line_1_5' title="bbox 65 827 1143 934; baseline 0.007 -34"><span class='ocrx_word' id='word_1_26' title='bbox 65 840 196 926; x_wconf 78' lang='lat' dir='ltr'><strong>possunt</strong></span> <span class='ocrx_word' id='word_1_27' title='bbox 213 827 261 902; x_wconf 88' lang='lat' dir='ltr'><strong>ad</strong></span> <span class='ocrx_word' id='word_1_28' title='bbox 286 829 375 902; x_wconf 89' lang='lat' dir='ltr'><strong>haec</strong></span> <span class='ocrx_word' id='word_1_29' title='bbox 397 831 462 901; x_wconf 88' lang='lat' dir='ltr'><strong>tria</strong></span> <span class='ocrx_word' id='word_1_30' title='bbox 482 829 707 926; x_wconf 88' lang='lat' dir='ltr'><strong>potissimum</strong></span> <span class='ocrx_word' id='word_1_31' title='bbox 728 857 859 929; x_wconf 84' lang='lat' dir='ltr'><strong>genera</strong></span> <span class='ocrx_word' id='word_1_32' title='bbox 883 833 1026 926; x_wconf 84' lang='lat' dir='ltr'><strong>referri,</strong></span> <span class='ocrx_word' id='word_1_33' title='bbox 1048 859 1143 934; x_wconf 87' lang='lat' dir='ltr'><strong>quae</strong></span> 
     </span>
     <span class='ocr_line' id='line_1_6' title="bbox 65 935 1150 1036; baseline 0.011 -31"><span class='ocrx_word' id='word_1_34' title='bbox 65 935 228 1032; x_wconf 81' lang='lat' dir='ltr'>Diogenes</span> <span class='ocrx_word' id='word_1_35' title='bbox 257 935 423 1008; x_wconf 66' lang='lat' dir='ltr'><strong>Laertius</strong></span> <span class='ocrx_word' id='word_1_36' title='bbox 447 936 521 1029; x_wconf 85' lang='lat' dir='ltr'><strong>IX,</strong></span> <span class='ocrx_word' id='word_1_37' title='bbox 557 936 624 1029; x_wconf 86' lang='lat'><strong>18,</strong></span> <span class='ocrx_word' id='word_1_38' title='bbox 653 937 852 1036; x_wconf 85' lang='lat' dir='ltr'><strong>significat:</strong></span> <span class='ocrx_word' id='word_1_39' title='bbox 882 947 1009 1036; x_wconf 72' lang='grc' dir='ltr'><em>γέγραφε</em></span> <span class='ocrx_word' id='word_1_40' title='bbox 1034 942 1066 1012; x_wconf 82' lang='grc' dir='ltr'><strong>δὲ</strong></span> <span class='ocrx_word' id='word_1_41' title='bbox 1092 945 1150 1016; x_wconf 80' lang='grc' dir='ltr'><em>καῖ.</em></span> 
     </span>
     <span class='ocr_line' id='line_1_7' title="bbox 64 1041 1147 1140; baseline 0.006 -27"><span class='ocrx_word' id='word_1_42' title='bbox 64 1043 265 1133; x_wconf 72' lang='lat' dir='ltr'><strong>diasat,</strong></span> <span class='ocrx_word' id='word_1_43' title='bbox 301 1050 352 1114; x_wconf 83' lang='grc' dir='ltr'><strong>καὶ</strong></span> <span class='ocrx_word' id='word_1_44' title='bbox 380 1047 581 1140; x_wconf 79' lang='grc' dir='ltr'><strong>ἐλεγείας</strong></span> <span class='ocrx_word' id='word_1_45' title='bbox 621 1052 671 1114; x_wconf 82' lang='grc' dir='ltr'><strong>καὶ</strong></span> <span class='ocrx_word' id='word_1_46' title='bbox 702 1048 884 1138; x_wconf 79' lang='grc' dir='ltr'><strong><em>ἰάμβους</em></strong></span> <span class='ocrx_word' id='word_1_47' title='bbox 917 1041 990 1116; x_wconf 65' lang='grc' dir='ltr'><strong>καθ’</strong></span> <span class='ocrx_word' id='word_1_48' title='bbox 1017 1045 1147 1122; x_wconf 77' lang='grc' dir='ltr'><strong><em>Ἡσιόδου</em></strong></span> 
     </span>
     <span class='ocr_line' id='line_1_8' title="bbox 65 1148 1146 1248; baseline 0.006 -30"><span class='ocrx_word' id='word_1_49' title='bbox 65 1157 105 1218; x_wconf 69' lang='grc' dir='ltr'><strong>ω’</strong></span> <span class='ocrx_word' id='word_1_50' title='bbox 117 1148 259 1246; x_wconf 77' lang='grc' dir='ltr'><strong><em>Ὁμήρω.</em></strong></span> <span class='ocrx_word' id='word_1_51' title='bbox 281 1150 378 1222; x_wconf 88' lang='lat' dir='ltr'><strong>Haeo</strong></span> <span class='ocrx_word' id='word_1_52' title='bbox 396 1175 526 1248; x_wconf 91' lang='lat' dir='ltr'><strong>parum</strong></span> <span class='ocrx_word' id='word_1_53' title='bbox 550 1149 700 1248; x_wconf 87' lang='lat' dir='ltr'><strong>quidem</strong></span> <span class='ocrx_word' id='word_1_54' title='bbox 721 1151 887 1224; x_wconf 89' lang='lat' dir='ltr'><strong>distincte</strong></span> <span class='ocrx_word' id='word_1_55' title='bbox 904 1163 1027 1226; x_wconf 87' lang='lat' dir='ltr'><strong>notata</strong></span> <span class='ocrx_word' id='word_1_56' title='bbox 1041 1166 1146 1248; x_wconf 87' lang='lat' dir='ltr'><strong>sunt,</strong></span> 
     </span>
     <span class='ocr_line' id='line_1_9' title="bbox 64 1251 1147 1358; baseline 0.006 -32"><span class='ocrx_word' id='word_1_57' title='bbox 64 1257 266 1353; x_wconf 86' lang='lat' dir='ltr'><strong>praesertim</strong></span> <span class='ocrx_word' id='word_1_58' title='bbox 289 1269 435 1355; x_wconf 91' lang='lat' dir='ltr'><strong>propter</strong></span> <span class='ocrx_word' id='word_1_59' title='bbox 457 1256 565 1332; x_wconf 87' lang='lat' dir='ltr'><strong>verba</strong></span> <span class='ocrx_word' id='word_1_60' title='bbox 584 1251 657 1326; x_wconf 59' lang='lat' dir='ltr'><strong>sot*</strong></span> <span class='ocrx_word' id='word_1_61' title='bbox 671 1257 798 1328; x_wconf 74' lang='grc' dir='ltr'><strong><em>Ἠσιόδου</em></strong></span> <span class='ocrx_word' id='word_1_62' title='bbox 815 1257 1024 1356; x_wconf 76' lang='grc' dir='ltr'><em>καίὉμήρω,</em></span> <span class='ocrx_word' id='word_1_63' title='bbox 1051 1284 1147 1358; x_wconf 87' lang='lat' dir='ltr'><strong>quae</strong></span> 
     </span>
     <span class='ocr_line' id='line_1_10' title="bbox 63 1364 1148 1464; baseline 0.004 -30"><span class='ocrx_word' id='word_1_64' title='bbox 63 1388 126 1434; x_wconf 88' lang='lat' dir='ltr'><strong>non</strong></span> <span class='ocrx_word' id='word_1_65' title='bbox 161 1375 268 1462; x_wconf 86' lang='lat' dir='ltr'><strong>patet</strong></span> <span class='ocrx_word' id='word_1_66' title='bbox 301 1376 429 1437; x_wconf 90' lang='lat' dir='ltr'><strong>utrum</strong></span> <span class='ocrx_word' id='word_1_67' title='bbox 459 1364 505 1438; x_wconf 83' lang='lat' dir='ltr'><strong>od</strong></span> <span class='ocrx_word' id='word_1_68' title='bbox 535 1366 656 1458; x_wconf 57' lang='grc' dir='ltr'><strong>ἰάμβοις</strong></span> <span class='ocrx_word' id='word_1_69' title='bbox 685 1377 829 1438; x_wconf 87' lang='lat' dir='ltr'><strong>tantum</strong></span> <span class='ocrx_word' id='word_1_70' title='bbox 870 1392 917 1438; x_wconf 86' lang='lat' dir='ltr'><strong>an</strong></span> <span class='ocrx_word' id='word_1_71' title='bbox 945 1367 990 1440; x_wconf 86' lang='lat' dir='ltr'><strong>ad</strong></span> <span class='ocrx_word' id='word_1_72' title='bbox 1014 1368 1148 1464; x_wconf 67' lang='grc' dir='ltr'><strong><em>εἊεγείας</em></strong></span> 
     </span>
     <span class='ocr_line' id='line_1_11' title="bbox 64 1469 1148 1570; baseline 0.006 -31"><span class='ocrx_word' id='word_1_73' title='bbox 64 1493 219 1567; x_wconf 80' lang='lat' dir='ltr'><strong>quoque,</strong></span> <span class='ocrx_word' id='word_1_74' title='bbox 247 1471 336 1543; x_wconf 87' lang='lat' dir='ltr'><strong>item</strong></span> <span class='ocrx_word' id='word_1_75' title='bbox 360 1469 406 1542; x_wconf 90' lang='lat' dir='ltr'><strong>ad</strong></span> <span class='ocrx_word' id='word_1_76' title='bbox 418 1471 494 1562; x_wconf 81' lang='grc' dir='ltr'><strong>ἔπη,</strong></span> <span class='ocrx_word' id='word_1_77' title='bbox 513 1469 719 1570; x_wconf 82' lang='lat' dir='ltr'><strong>pertineant</strong></span> <span class='ocrx_word' id='word_1_78' title='bbox 738 1497 746 1542; x_wconf 92' lang='lat'>:</span> <span class='ocrx_word' id='word_1_79' title='bbox 768 1473 797 1544; x_wconf 92' lang='lat' dir='ltr'><strong>si</strong></span> <span class='ocrx_word' id='word_1_80' title='bbox 818 1471 863 1545; x_wconf 89' lang='lat' dir='ltr'><strong>ad</strong></span> <span class='ocrx_word' id='word_1_81' title='bbox 886 1474 1006 1567; x_wconf 72' lang='grc' dir='ltr'><em>ι’άμβως</em></span> <span class='ocrx_word' id='word_1_82' title='bbox 1028 1471 1148 1546; x_wconf 89' lang='lat' dir='ltr'><strong>solum</strong></span> 
     </span>
     <span class='ocr_line' id='line_1_12' title="bbox 64 1575 1148 1678; baseline 0.003 -30"><span class='ocrx_word' id='word_1_83' title='bbox 64 1576 287 1667; x_wconf 76' lang='lat' dir='ltr'><strong>reserantur,</strong></span> <span class='ocrx_word' id='word_1_84' title='bbox 314 1575 446 1650; x_wconf 86' lang='lat' dir='ltr'><strong>falsum</strong></span> <span class='ocrx_word' id='word_1_85' title='bbox 473 1577 648 1676; x_wconf 87' lang='lat' dir='ltr'><strong>estquod</strong></span> <span class='ocrx_word' id='word_1_86' title='bbox 673 1578 784 1670; x_wconf 89' lang='lat' dir='ltr'><strong>dicit,</strong></span> <span class='ocrx_word' id='word_1_87' title='bbox 820 1603 907 1652; x_wconf 90' lang='lat' dir='ltr'><strong>oum</strong></span> <span class='ocrx_word' id='word_1_88' title='bbox 949 1579 1148 1678; x_wconf 83' lang='lat' dir='ltr'><strong>fragmenta</strong></span> 
     </span>
     <span class='ocr_line' id='line_1_13' title="bbox 65 1684 1145 1785; baseline 0.003 -28"><span class='ocrx_word' id='word_1_89' title='bbox 65 1686 159 1757; x_wconf 90' lang='lat' dir='ltr'><strong>etiam</strong></span> <span class='ocrx_word' id='word_1_90' title='bbox 184 1711 290 1758; x_wconf 88' lang='lat' dir='ltr'><strong>nunc</strong></span> <span class='ocrx_word' id='word_1_91' title='bbox 315 1695 530 1777; x_wconf 86' lang='lat' dir='ltr'><strong>serventur,</strong></span> <span class='ocrx_word' id='word_1_92' title='bbox 555 1684 690 1782; x_wconf 90' lang='lat' dir='ltr'><strong>quibus</strong></span> <span class='ocrx_word' id='word_1_93' title='bbox 714 1685 753 1758; x_wconf 92' lang='lat' dir='ltr'><strong>in</strong></span> <span class='ocrx_word' id='word_1_94' title='bbox 776 1687 898 1760; x_wconf 83' lang='lat' dir='ltr'><strong>ambos</strong></span> <span class='ocrx_word' id='word_1_95' title='bbox 920 1685 998 1760; x_wconf 87' lang='lat' dir='ltr'><strong>illos</strong></span> <span class='ocrx_word' id='word_1_96' title='bbox 1023 1693 1145 1785; x_wconf 71' lang='lat' dir='ltr'><strong>positas</strong></span> 
     </span>
     <span class='ocr_line' id='line_1_14' title="bbox 67 1791 1146 1888; baseline 0.004 -26"><span class='ocrx_word' id='word_1_97' title='bbox 67 1791 268 1882; x_wconf 80' lang='lat' dir='ltr'><strong>invehitur,</strong></span> <span class='ocrx_word' id='word_1_98' title='bbox 296 1792 406 1888; x_wconf 84' lang='lat' dir='ltr'><strong>epicis</strong></span> <span class='ocrx_word' id='word_1_99' title='bbox 429 1793 591 1867; x_wconf 84' lang='lat' dir='ltr'><strong>numeris</strong></span> <span class='ocrx_word' id='word_1_100' title='bbox 613 1792 828 1888; x_wconf 84' lang='lat' dir='ltr'><strong>composita3</strong></span> <span class='ocrx_word' id='word_1_101' title='bbox 849 1793 879 1863; x_wconf 92' lang='lat' dir='ltr'><strong>si</strong></span> <span class='ocrx_word' id='word_1_102' title='bbox 900 1817 984 1878; x_wconf 88' lang='lat' dir='ltr'><strong>vero</strong></span> <span class='ocrx_word' id='word_1_103' title='bbox 1011 1793 1057 1866; x_wconf 84' lang='lat' dir='ltr'><strong>ad</strong></span> <span class='ocrx_word' id='word_1_104' title='bbox 1078 1794 1146 1866; x_wconf 87' lang='lat' dir='ltr'><strong>tria</strong></span> 
     </span>
     <span class='ocr_line' id='line_1_15' title="bbox 65 1895 1146 1998; baseline 0.001 -30"><span class='ocrx_word' id='word_1_105' title='bbox 65 1895 117 1970; x_wconf 84' lang='lat' dir='ltr'><strong>illa</strong></span> <span class='ocrx_word' id='word_1_106' title='bbox 138 1923 277 1998; x_wconf 84' lang='lat' dir='ltr'><strong>genera</strong></span> <span class='ocrx_word' id='word_1_107' title='bbox 303 1897 490 1972; x_wconf 88' lang='lat' dir='ltr'><strong>reserenda</strong></span> <span class='ocrx_word' id='word_1_108' title='bbox 512 1897 609 1988; x_wconf 90' lang='lat' dir='ltr'><strong>sint,</strong></span> <span class='ocrx_word' id='word_1_109' title='bbox 635 1897 702 1968; x_wconf 91' lang='lat' dir='ltr'><strong>hoc</strong></span> <span class='ocrx_word' id='word_1_110' title='bbox 725 1895 860 1969; x_wconf 85' lang='lat' dir='ltr'><strong>scilicet</strong></span> <span class='ocrx_word' id='word_1_111' title='bbox 889 1895 1045 1988; x_wconf 81' lang='lat' dir='ltr'><strong>dixerit,</strong></span> <span class='ocrx_word' id='word_1_112' title='bbox 1070 1922 1146 1969; x_wconf 87' lang='lat' dir='ltr'><strong>om-</strong></span> 
     </span>
     <span class='ocr_line' id='line_1_16' title="bbox 65 2001 1147 2102; baseline 0 -26"><span class='ocrx_word' id='word_1_113' title='bbox 65 2005 116 2076; x_wconf 92' lang='lat' dir='ltr'><strong>nia</strong></span> <span class='ocrx_word' id='word_1_114' title='bbox 145 2029 244 2102; x_wconf 86' lang='lat' dir='ltr'><strong>quae</strong></span> <span class='ocrx_word' id='word_1_115' title='bbox 282 2003 520 2102; x_wconf 83' lang='lat' dir='ltr'>Xenophanes</span> <span class='ocrx_word' id='word_1_116' title='bbox 558 2001 711 2076; x_wconf 83' lang='lat' dir='ltr'><strong>ediderit</strong></span> <span class='ocrx_word' id='word_1_117' title='bbox 738 2003 895 2074; x_wconf 86' lang='lat' dir='ltr'><strong>earmina</strong></span> <span class='ocrx_word' id='word_1_118' title='bbox 933 2001 979 2074; x_wconf 92' lang='lat' dir='ltr'><strong>ad</strong></span> <span class='ocrx_word' id='word_1_119' title='bbox 1018 2003 1147 2077; x_wconf 91' lang='lat' dir='ltr'><strong>Home-</strong></span> 
     </span>
     <span class='ocr_line' id='line_1_17' title="bbox 65 2108 1146 2210; baseline 0.001 -27"><span class='ocrx_word' id='word_1_120' title='bbox 65 2136 140 2183; x_wconf 88' lang='lat' dir='ltr'><strong>rum</strong></span> <span class='ocrx_word' id='word_1_121' title='bbox 156 2123 195 2184; x_wconf 89' lang='lat' dir='ltr'><strong>et</strong></span> <span class='ocrx_word' id='word_1_122' title='bbox 216 2111 415 2184; x_wconf 84' lang='lat' dir='ltr'><strong>Hesiodum</strong></span> <span class='ocrx_word' id='word_1_123' title='bbox 430 2111 637 2210; x_wconf 88' lang='lat' dir='ltr'><strong>pertinere:</strong></span> <span class='ocrx_word' id='word_1_124' title='bbox 662 2109 761 2208; x_wconf 91' lang='lat' dir='ltr'><strong>quod</strong></span> <span class='ocrx_word' id='word_1_125' title='bbox 781 2135 854 2182; x_wconf 91' lang='lat' dir='ltr'><strong>non</strong></span> <span class='ocrx_word' id='word_1_126' title='bbox 874 2109 996 2180; x_wconf 90' lang='lat' dir='ltr'><strong>minos</strong></span> <span class='ocrx_word' id='word_1_127' title='bbox 1014 2108 1146 2184; x_wconf 84' lang='lat' dir='ltr'><strong>falsum</strong></span> 
     </span>
     <span class='ocr_line' id='line_1_18' title="bbox 66 2216 1149 2315; baseline 0 -25"><span class='ocrx_word' id='word_1_128' title='bbox 66 2230 121 2290; x_wconf 85' lang='lat' dir='ltr'><strong>est.</strong></span> <span class='ocrx_word' id='word_1_129' title='bbox 153 2217 331 2311; x_wconf 85' lang='lat' dir='ltr'><strong>Quamvis</strong></span> <span class='ocrx_word' id='word_1_130' title='bbox 368 2243 453 2294; x_wconf 89' lang='lat' dir='ltr'><strong>vero</strong></span> <span class='ocrx_word' id='word_1_131' title='bbox 480 2217 568 2291; x_wconf 91' lang='lat' dir='ltr'><strong>haec</strong></span> <span class='ocrx_word' id='word_1_132' title='bbox 592 2241 722 2315; x_wconf 88' lang='lat' dir='ltr'><strong>parum</strong></span> <span class='ocrx_word' id='word_1_133' title='bbox 764 2229 930 2290; x_wconf 86' lang='lat' dir='ltr'><strong>accurate</strong></span> <span class='ocrx_word' id='word_1_134' title='bbox 955 2216 1049 2290; x_wconf 89' lang='lat' dir='ltr'><strong>dicta</strong></span> <span class='ocrx_word' id='word_1_135' title='bbox 1076 2218 1149 2292; x_wconf 86' lang='lat' dir='ltr'><strong>sint</strong></span> 
     </span>
     <span class='ocr_line' id='line_1_19' title="bbox 66 2321 1148 2424; baseline -0.002 -28"><span class='ocrx_word' id='word_1_136' title='bbox 66 2335 139 2396; x_wconf 88' lang='lat' dir='ltr'><strong>eta</strong></span> <span class='ocrx_word' id='word_1_137' title='bbox 168 2324 256 2398; x_wconf 84' lang='lat' dir='ltr'><strong>viris</strong></span> <span class='ocrx_word' id='word_1_138' title='bbox 280 2322 392 2396; x_wconf 85' lang='lat' dir='ltr'><strong>doctis</strong></span> <span class='ocrx_word' id='word_1_139' title='bbox 418 2325 524 2398; x_wconf 84' lang='lat' dir='ltr'><strong>variis</strong></span> <span class='ocrx_word' id='word_1_140' title='bbox 554 2322 667 2396; x_wconf 90' lang='lat' dir='ltr'><strong>modis</strong></span> <span class='ocrx_word' id='word_1_141' title='bbox 697 2321 889 2424; x_wconf 83' lang='lat' dir='ltr'><strong>explicata,</strong></span> <span class='ocrx_word' id='word_1_142' title='bbox 916 2335 1067 2421; x_wconf 83' lang='lat' dir='ltr'><strong>apparet</strong></span> <span class='ocrx_word' id='word_1_143' title='bbox 1096 2336 1148 2394; x_wconf 89' lang='lat' dir='ltr'><strong>ta-</strong></span> 
     </span>
     <span class='ocr_line' id='line_1_20' title="bbox 66 2428 1149 2530; baseline -0.003 -29"><span class='ocrx_word' id='word_1_144' title='bbox 66 2455 144 2502; x_wconf 90' lang='lat' dir='ltr'><strong>men</strong></span> <span class='ocrx_word' id='word_1_145' title='bbox 162 2431 228 2502; x_wconf 89' lang='lat' dir='ltr'><strong>tria</strong></span> <span class='ocrx_word' id='word_1_146' title='bbox 243 2429 332 2504; x_wconf 87' lang='lat' dir='ltr'><strong>haee</strong></span> <span class='ocrx_word' id='word_1_147' title='bbox 359 2455 491 2530; x_wconf 84' lang='lat' dir='ltr'><strong>genera</strong></span> <span class='ocrx_word' id='word_1_148' title='bbox 517 2429 712 2528; x_wconf 85' lang='lat' dir='ltr'><strong>aDiogene</strong></span> <span class='ocrx_word' id='word_1_149' title='bbox 741 2429 952 2529; x_wconf 83' lang='lat' dir='ltr'><strong>designari:</strong></span> <span class='ocrx_word' id='word_1_150' title='bbox 980 2428 1058 2520; x_wconf 79' lang='grc' dir='ltr'><strong>ἔπη,</strong></span> <span class='ocrx_word' id='word_1_151' title='bbox 1087 2433 1149 2502; x_wconf 73' lang='grc' dir='ltr'><strong>ἔλε-</strong></span> 
     </span>
     <span class='ocr_line' id='line_1_21' title="bbox 67 2533 1146 2636; baseline 0.003 -31"><span class='ocrx_word' id='word_1_152' title='bbox 67 2539 158 2630; x_wconf 70' lang='grc' dir='ltr'><strong><em>γειάς,</em></strong></span> <span class='ocrx_word' id='word_1_153' title='bbox 188 2538 329 2630; x_wconf 78' lang='grc' dir='ltr'><strong><em>ἰάμβως,</em></strong></span> <span class='ocrx_word' id='word_1_154' title='bbox 362 2536 406 2609; x_wconf 85' lang='lat' dir='ltr'><strong>ad</strong></span> <span class='ocrx_word' id='word_1_155' title='bbox 436 2561 530 2636; x_wconf 88' lang='lat' dir='ltr'><strong>quae</strong></span> <span class='ocrx_word' id='word_1_156' title='bbox 561 2535 751 2635; x_wconf 86' lang='lat' dir='ltr'><strong>pleraque,</strong></span> <span class='ocrx_word' id='word_1_157' title='bbox 785 2561 880 2636; x_wconf 86' lang='lat' dir='ltr'><strong>quae</strong></span> <span class='ocrx_word' id='word_1_158' title='bbox 908 2561 929 2606; x_wconf 87' lang='lat' dir='ltr'><strong>a</strong></span> <span class='ocrx_word' id='word_1_159' title='bbox 961 2533 1146 2612; x_wconf 87' lang='lat' dir='ltr'><strong>veteribus</strong></span> 
     </span>
     <span class='ocr_line' id='line_1_22' title="bbox 67 2642 1149 2744; baseline 0 -29"><span class='ocrx_word' id='word_1_160' title='bbox 67 2659 330 2739; x_wconf 83' lang='lat' dir='ltr'><strong>memorantur,</strong></span> <span class='ocrx_word' id='word_1_161' title='bbox 358 2658 505 2744; x_wconf 90' lang='lat' dir='ltr'><strong>possunt</strong></span> <span class='ocrx_word' id='word_1_162' title='bbox 528 2646 654 2720; x_wconf 85' lang='lat' dir='ltr'><strong>referri</strong></span> <span class='ocrx_word' id='word_1_163' title='bbox 673 2645 754 2720; x_wconf 87' lang='lat' dir='ltr'><strong>:de</strong></span> <span class='ocrx_word' id='word_1_164' title='bbox 780 2642 929 2744; x_wconf 84' lang='lat' dir='ltr'><strong>singulis</strong></span> <span class='ocrx_word' id='word_1_165' title='bbox 957 2643 1149 2742; x_wconf 88' lang='lat' dir='ltr'><strong>paucadi-</strong></span> 
     </span>
     <span class='ocr_line' id='line_1_23' title="bbox 68 2754 294 2828; baseline -0.009 -2"><span class='ocrx_word' id='word_1_166' title='bbox 68 2754 170 2828; x_wconf 86' lang='lat' dir='ltr'><strong>oenda</strong></span> <span class='ocrx_word' id='word_1_167' title='bbox 196 2765 294 2828; x_wconf 87' lang='lat' dir='ltr'><strong>sunt.</strong></span> 
     </span>
    </p>
   </div>
   <div class='ocr_carea' id='block_1_4' title="bbox 564 2969 637 3052">
    <p class='ocr_par' dir='ltr' id='par_1_4' title="bbox 564 2969 637 3052">
     <span class='ocr_line' id='line_1_24' title="bbox 564 2969 637 3052; baseline -0.096 -15"><span class='ocrx_word' id='word_1_168' title='bbox 564 2969 637 3052; x_wconf 71' lang='lat' dir='ltr'><strong>§t</strong></span> 
     </span>
    </p>
   </div>
   <div class='ocr_carea' id='block_1_5' title="bbox 80 3170 1151 3380">
    <p class='ocr_par' dir='ltr' id='par_1_5' title="bbox 80 3170 1151 3380">
     <span class='ocr_line' id='line_1_25' title="bbox 105 3170 1151 3258; baseline -0.003 -12"><span class='ocrx_word' id='word_1_169' title='bbox 105 3177 216 3258; x_wconf 79' lang='grc' dir='ltr'><strong>Ἔπη.</strong></span> <span class='ocrx_word' id='word_1_170' title='bbox 239 3175 290 3246; x_wconf 91' lang='lat' dir='ltr'><strong>Ea</strong></span> <span class='ocrx_word' id='word_1_171' title='bbox 314 3171 490 3247; x_wconf 87' lang='lat' dir='ltr'><strong>dicuntur</strong></span> <span class='ocrx_word' id='word_1_172' title='bbox 511 3172 669 3247; x_wconf 82' lang='lat' dir='ltr'><strong>carmina</strong></span> <span class='ocrx_word' id='word_1_173' title='bbox 694 3170 843 3246; x_wconf 87' lang='lat' dir='ltr'><strong>heroicis</strong></span> <span class='ocrx_word' id='word_1_174' title='bbox 869 3171 1030 3246; x_wconf 85' lang='lat' dir='ltr'><strong>versibus</strong></span> <span class='ocrx_word' id='word_1_175' title='bbox 1048 3192 1151 3244; x_wconf 75' lang='lat' dir='ltr'><strong>‘com-</strong></span> 
     </span>
     <span class='ocr_line' id='line_1_26' title="bbox 80 3277 1149 3380; baseline -0.006 -24"><span class='ocrx_word' id='word_1_176' title='bbox 80 3283 201 3380; x_wconf 86' lang='lat' dir='ltr'><strong>posita,</strong></span> <span class='ocrx_word' id='word_1_177' title='bbox 229 3306 347 3380; x_wconf 92' lang='lat' dir='ltr'><strong>equo</strong></span> <span class='ocrx_word' id='word_1_178' title='bbox 371 3305 503 3380; x_wconf 83' lang='lat' dir='ltr'><strong>genere</strong></span> <span class='ocrx_word' id='word_1_179' title='bbox 531 3305 573 3353; x_wconf 90' lang='lat' dir='ltr'><strong>ea</strong></span> <span class='ocrx_word' id='word_1_180' title='bbox 596 3279 748 3353; x_wconf 88' lang='lat' dir='ltr'><strong>fuerunt</strong></span> <span class='ocrx_word' id='word_1_181' title='bbox 784 3277 919 3378; x_wconf 87' lang='lat' dir='ltr'><strong>quibus</strong></span> <span class='ocrx_word' id='word_1_182' title='bbox 943 3289 994 3364; x_wconf 83' lang='grc' dir='ltr'><strong>τὴν</strong></span> <span class='ocrx_word' id='word_1_183' title='bbox 1026 3283 1149 3351; x_wconf 80' lang='grc' dir='ltr'><strong>Κολο-</strong></span> 
     </span>
    </p>
   </div>
   <div class='ocr_carea' id='block_1_6' title="bbox 75 3523 1153 4062">
    <p class='ocr_par' dir='ltr' id='par_1_6' title="bbox 75 3523 1153 4062">
     <span class='ocr_line' id='line_1_27' title="bbox 106 3523 1152 3611; baseline -0.007 -23"><span class='ocrx_word' id='word_1_184' title='bbox 106 3529 165 3611; x_wconf 84' lang='grc'>(39)</span> <span class='ocrx_word' id='word_1_185' title='bbox 187 3526 334 3588; x_wconf 80' lang='lat' dir='ltr'><strong>Heibomii</strong></span> <span class='ocrx_word' id='word_1_186' title='bbox 355 3528 571 3608; x_wconf 82' lang='lat' dir='ltr'><strong>interpretatio,</strong></span> <span class='ocrx_word' id='word_1_187' title='bbox 596 3550 611 3585; x_wconf 80' lang='lat' dir='ltr'><strong>o</strong></span> <span class='ocrx_word' id='word_1_188' title='bbox 631 3527 744 3608; x_wconf 86' lang='lat' dir='ltr'><strong>scripsit</strong></span> <span class='ocrx_word' id='word_1_189' title='bbox 762 3537 854 3586; x_wconf 86' lang='lat' dir='ltr'><strong>autem</strong></span> <span class='ocrx_word' id='word_1_190' title='bbox 872 3545 985 3600; x_wconf 80' lang='lat' dir='ltr'><strong>versus,</strong></span> <span class='ocrx_word' id='word_1_191' title='bbox 1004 3523 1105 3602; x_wconf 81' lang='lat' dir='ltr'><strong>elegias</strong></span> <span class='ocrx_word' id='word_1_192' title='bbox 1123 3537 1152 3582; x_wconf 92' lang='lat' dir='ltr'><strong>et</strong></span> 
     </span>
     <span class='ocr_line' id='line_1_28' title="bbox 76 3614 1153 3697; baseline -0.008 -18"><span class='ocrx_word' id='word_1_193' title='bbox 76 3617 172 3679; x_wconf 76' lang='lat' dir='ltr'><strong>iambos</strong></span> <span class='ocrx_word' id='word_1_194' title='bbox 193 3629 293 3678; x_wconf 79' lang='lat' dir='ltr'><strong>contra</strong></span> <span class='ocrx_word' id='word_1_195' title='bbox 312 3615 465 3678; x_wconf 83' lang='lat' dir='ltr'><strong>Hesiodum</strong></span> <span class='ocrx_word' id='word_1_196' title='bbox 483 3629 565 3695; x_wconf 81' lang='lat' dir='ltr'><strong>atque</strong></span> <span class='ocrx_word' id='word_1_197' title='bbox 576 3617 730 3678; x_wconf 80' lang='lat' dir='ltr'><strong>Homerum</strong></span> <span class='ocrx_word' id='word_1_198' title='bbox 750 3641 765 3674; x_wconf 80' lang='lat' dir='ltr'><strong>o</strong></span> <span class='ocrx_word' id='word_1_199' title='bbox 775 3661 783 3692; x_wconf 91' lang='lat'><strong>,</strong></span> <span class='ocrx_word' id='word_1_200' title='bbox 797 3636 894 3697; x_wconf 85' lang='lat' dir='ltr'><strong>parum</strong></span> <span class='ocrx_word' id='word_1_201' title='bbox 911 3614 1029 3694; x_wconf 82' lang='lat' dir='ltr'><strong>diligens</strong></span> <span class='ocrx_word' id='word_1_202' title='bbox 1046 3624 1105 3686; x_wconf 86' lang='lat' dir='ltr'><strong>est,</strong></span> <span class='ocrx_word' id='word_1_203' title='bbox 1124 3623 1153 3672; x_wconf 88' lang='lat' dir='ltr'><strong>et</strong></span> 
     </span>
     <span class='ocr_line' id='line_1_29' title="bbox 75 3701 1151 3790; baseline -0.006 -24"><span class='ocrx_word' id='word_1_204' title='bbox 75 3709 164 3770; x_wconf 84' lang='lat' dir='ltr'><strong>merito</strong></span> <span class='ocrx_word' id='word_1_205' title='bbox 185 3707 345 3790; x_wconf 84' lang='lat' dir='ltr'><strong>improbata</strong></span> <span class='ocrx_word' id='word_1_206' title='bbox 369 3729 385 3766; x_wconf 85' lang='lat' dir='ltr'><strong>a</strong></span> <span class='ocrx_word' id='word_1_207' title='bbox 409 3708 533 3783; x_wconf 87' lang='lat' dir='ltr'><strong>Rossio,</strong></span> <span class='ocrx_word' id='word_1_208' title='bbox 561 3708 718 3768; x_wconf 79' lang='lat' dir='ltr'><strong>comment.</strong></span> <span class='ocrx_word' id='word_1_209' title='bbox 746 3707 838 3767; x_wconf 71' lang='lat' dir='ltr'><strong>Lairt.</strong></span> <span class='ocrx_word' id='word_1_210' title='bbox 864 3705 1008 3767; x_wconf 82' lang='lat' dir='ltr'><strong>Fabricius</strong></span> <span class='ocrx_word' id='word_1_211' title='bbox 1033 3701 1151 3784; x_wconf 83' lang='lat' dir='ltr'><strong>conjecit</strong></span> 
     </span>
     <span class='ocr_line' id='line_1_30' title="bbox 76 3791 1152 3882; baseline -0.004 -26"><span class='ocrx_word' id='word_1_212' title='bbox 76 3797 181 3860; x_wconf 79' lang='lat' dir='ltr'><strong>tortasse</strong></span> <span class='ocrx_word' id='word_1_213' title='bbox 200 3797 353 3880; x_wconf 76' lang='lat' dir='ltr'><strong>legendum</strong></span> <span class='ocrx_word' id='word_1_214' title='bbox 372 3819 431 3858; x_wconf 80' lang='lat' dir='ltr'><strong>esse</strong></span> <span class='ocrx_word' id='word_1_215' title='bbox 448 3800 487 3858; x_wconf 85' lang='lat' dir='ltr'><strong>ita</strong></span> <span class='ocrx_word' id='word_1_216' title='bbox 502 3821 508 3858; x_wconf 71' lang='grc' dir='ltr'><em>τ</em></span> <span class='ocrx_word' id='word_1_217' title='bbox 530 3795 657 3882; x_wconf 72' lang='grc' dir='ltr'><strong>γε’γριφι</strong></span> <span class='ocrx_word' id='word_1_218' title='bbox 676 3795 714 3860; x_wconf 70' lang='grc' dir='ltr'><strong>(Ν</strong></span> <span class='ocrx_word' id='word_1_219' title='bbox 729 3833 770 3844; x_wconf 90' lang='grc'><strong>-</strong></span> <span class='ocrx_word' id='word_1_220' title='bbox 785 3797 833 3859; x_wconf 68' lang='lat' dir='ltr'><strong>nai</strong></span> <span class='ocrx_word' id='word_1_221' title='bbox 852 3796 970 3874; x_wconf 58' lang='grc' dir='ltr'><strong>ἰάμβους</strong></span> <span class='ocrx_word' id='word_1_222' title='bbox 994 3823 1012 3855; x_wconf 78' lang='grc' dir='ltr'><strong>ιι</strong></span> <span class='ocrx_word' id='word_1_223' title='bbox 1023 3791 1059 3856; x_wconf 74' lang='lat' dir='ltr'><strong>ai</strong></span> <span class='ocrx_word' id='word_1_224' title='bbox 1081 3793 1152 3854; x_wconf 62' lang='grc' dir='ltr'><strong>καθ’</strong></span> 
     </span>
     <span class='ocr_line' id='line_1_31' title="bbox 76 3883 1152 3974; baseline -0.006 -24"><span class='ocrx_word' id='word_1_225' title='bbox 76 3888 191 3953; x_wconf 65' lang='lat' dir='ltr'><strong>&#39;Resides</strong></span> <span class='ocrx_word' id='word_1_226' title='bbox 216 3889 264 3952; x_wconf 69' lang='lat' dir='ltr'><strong>nai</strong></span> <span class='ocrx_word' id='word_1_227' title='bbox 290 3887 418 3971; x_wconf 66' lang='lat' dir='ltr'><strong>&#39;opn&#39;pom</strong></span> <span class='ocrx_word' id='word_1_228' title='bbox 442 3893 481 3950; x_wconf 75' lang='lat' dir='ltr'><strong>tt</strong></span> <span class='ocrx_word' id='word_1_229' title='bbox 510 3889 670 3974; x_wconf 80' lang='lat' dir='ltr'><strong>conjectura</strong></span> <span class='ocrx_word' id='word_1_230' title='bbox 692 3888 746 3950; x_wconf 88' lang='lat' dir='ltr'><strong>hoo</strong></span> <span class='ocrx_word' id='word_1_231' title='bbox 765 3901 829 3966; x_wconf 88' lang='lat' dir='ltr'><strong>est;</strong></span> <span class='ocrx_word' id='word_1_232' title='bbox 856 3888 928 3948; x_wconf 90' lang='lat' dir='ltr'><strong>nihil</strong></span> <span class='ocrx_word' id='word_1_233' title='bbox 947 3887 1075 3968; x_wconf 84' lang='lat' dir='ltr'><strong>amplius.</strong></span> <span class='ocrx_word' id='word_1_234' title='bbox 1095 3883 1152 3945; x_wconf 75' lang='lat' dir='ltr'><strong>Alii</strong></span> 
     </span>
     <span class='ocr_line' id='line_1_32' title="bbox 77 3974 1150 4062; baseline -0.006 -22"><span class='ocrx_word' id='word_1_235' title='bbox 77 3979 177 4058; x_wconf 64' lang='lat' dir='ltr'><strong>talpam</strong></span> <span class='ocrx_word' id='word_1_236' title='bbox 198 3979 356 4043; x_wconf 84' lang='lat' dir='ltr'><strong>delendum</strong></span> <span class='ocrx_word' id='word_1_237' title='bbox 379 3990 540 4062; x_wconf 82' lang='lat' dir='ltr'><strong>putarunt,</strong></span> <span class='ocrx_word' id='word_1_238' title='bbox 562 3979 673 4062; x_wconf 87' lang='lat' dir='ltr'><strong>dequo</strong></span> <span class='ocrx_word' id='word_1_239' title='bbox 694 4000 761 4042; x_wconf 83' lang='lat' dir='ltr'><strong>mox</strong></span> <span class='ocrx_word' id='word_1_240' title='bbox 778 3977 945 4042; x_wconf 77' lang='lat' dir='ltr'><strong>videbimus.</strong></span> <span class='ocrx_word' id='word_1_241' title='bbox 969 3976 1015 4038; x_wconf 80' lang='lat' dir='ltr'><strong>Cf.</strong></span> <span class='ocrx_word' id='word_1_242' title='bbox 1038 3974 1150 4038; x_wconf 85' lang='lat' dir='ltr'><strong>Fabrio.</strong></span> 
     </span>
    </p>
   </div>
   <div class='ocr_carea' id='block_1_7' title="bbox 75 4068 1001 4238">
    <p class='ocr_par' dir='ltr' id='par_1_7' title="bbox 75 4068 1001 4238">
     <span class='ocr_line' id='line_1_33' title="bbox 75 4068 1001 4206; baseline -0.018 -70"><span class='ocrx_word' id='word_1_243' title='bbox 75 4069 134 4136; x_wconf 76' lang='lat' dir='ltr'><strong>Bdtl.</strong></span> <span class='ocrx_word' id='word_1_244' title='bbox 154 4075 204 4137; x_wconf 87' lang='lat' dir='ltr'><strong>Gr.</strong></span> <span class='ocrx_word' id='word_1_245' title='bbox 226 4072 267 4168; x_wconf 50' lang='lat'><strong>¹12.</strong></span> <span class='ocrx_word' id='word_1_246' title='bbox 286 4070 336 4146; x_wconf 90' lang='lat'><strong>11,</strong></span> <span class='ocrx_word' id='word_1_247' title='bbox 361 4091 391 4152; x_wconf 90' lang='lat' dir='ltr'><strong>p.</strong></span> <span class='ocrx_word' id='word_1_248' title='bbox 409 4068 480 4130; x_wconf 83' lang='lat'><strong>616.</strong></span> <span class='ocrx_word' id='word_1_249' title='bbox 980 4165 1001 4206; x_wconf 63' lang='lat'>*</span> 
     </span>
     <span class='ocr_line' id='line_1_34' title="bbox 957 4189 979 4238; baseline 0 0"><span class='ocrx_word' id='word_1_250' title='bbox 957 4189 979 4238; x_wconf 80' lang='lat'><em>2</em></span> 
     </span>
    </p>
   </div>
   <div class='ocr_carea' id='block_1_8' title="bbox 0 0 1446 4824">
    <p class='ocr_par' dir='ltr' id='par_1_8' title="bbox 0 0 1446 4824">
     <span class='ocr_line' id='line_1_35' title="bbox 0 0 1446 4824; baseline 0 0"><span class='ocrx_word' id='word_1_251' title='bbox 0 0 1446 4824; x_wconf 95' lang='lat' dir='ltr'><strong> </strong></span> 
     </span>
    </p>
   </div>
  </div>
 </body>
</html>
