2870 4824
1048 285 1113 328 xvir

54 426 234 506 nimenta,
249 441 345 514 quae
362 432 399 494 et
416 423 623 497 auctoritate
639 424 755 498 multo
770 425 852 524 plus
867 427 988 503 valent
1003 456 1111 529 quam

51 547 216 619 seriorum
242 551 461 644 testimonia,
485 565 523 626 et
543 553 657 628 multo
669 556 797 630 clarius
810 583 934 632 eorum
953 575 1111 638 mentem

50 676 242 768 illustrant,
268 695 305 755 et
330 685 431 780 quusi
454 687 623 783 expressis
647 689 800 786 vestigiis
827 690 922 764 viam
943 692 1044 767 nohis
1058 696 1112 768 iu·

52 809 159 882 dicant
181 835 258 910 quo
275 813 317 884 in
336 813 552 912 explicandis
576 815 798 918 reliquorum
823 821 1029 918 testimoniis
1043 827 1110 920 ju-

52 939 173 1012 dicium
204 955 369 1019 nostrum
392 943 592 1042 dirigamus.

91 1170 277 1245 Praeterea
298 1171 367 1244 alia
388 1185 440 1246 est
454 1174 561 1246 etiam
579 1174 708 1266 horum
726 1176 870 1252 utilitas.
889 1177 995 1272 Quod
1011 1182 1109 1254 enim

49 1300 81 1369 in
103 1303 201 1372 omni
227 1300 415 1376 literarum
440 1328 594 1402 genere,
620 1307 657 1376 in
678 1309 795 1406 poesi,
817 1308 857 1378 in
879 1306 1107 1408 eloquentia,

53 1429 230 1530 diligenter
255 1434 456 1526 studemus,
484 1447 614 1508 utnon
641 1436 745 1510 modo
767 1437 856 1536 quid
878 1437 1016 1512 dictum
1042 1441 1107 1527 sit,

50 1562 98 1634 sed
111 1589 188 1662 quo
209 1563 372 1662 quidque
390 1565 493 1638 modo
509 1566 646 1638 dictum
659 1568 720 1660 sit,
738 1593 997 1666 cognoscamus,
1012 1569 1108 1642 idem

50 1691 312 1792 inphilosophia
324 1695 582 1768 attendendum
603 1708 666 1768 est.
679 1697 1033 1801 Namqueutpoe'tae
1045 1700 1108 1771 in-

47 1823 207 1918 genium,
232 1835 277 1895 ut
291 1824 446 1926 oratoris
467 1827 563 1914 vim,
589 1826 656 1896 nisi
667 1839 835 1924 percepta
849 1850 976 1898 eorum
1000 1851 1106 1918 voce,

46 1957 165 2028 sentire
191 1982 266 2028 non
291 1982 497 2054 possumus,
521 1957 683 2032 similiter
707 1956 906 2056 philosophi
928 1959 1106 2054 judicium

45 2101 73 2158 et
93 2102 257 2162 mentem
280 2089 479 2188 perspicere
504 2114 577 2161 non
597 2089 811 2188 poterimus,
837 2089 920 2180 nisi,
943 2089 1105 2188 quadis

41 2219 173 2292 serendi
198 2219 358 2307 ratione,
381 2219 514 2316 quihus
538 2219 654 2294 verbis
678 2220 839 2293 notiones
862 2245 942 2292 suas
965 2245 1105 2318 expres-

38 2353 157 2444 serint,
170 2351 452 2450 cognoverimus.
475 2349 577 2443 Quae
597 2350 744 2447 quidem
759 2350 911 2447 cognitio
934 2352 972 2421 in
994 2348 1104 2424 Grae-

37 2507 153 2579 corum
171 2479 301 2580 lingua
318 2506 361 2553 eo
382 2483 553 2576 majorem
573 2479 681 2553 habet
701 2479 810 2553 studii
832 2479 1103 2554 delectationem

35 2626 64 2683 et
87 2613 280 2703 fructum,
303 2611 400 2709 quod
425 2611 513 2686 haec
539 2635 612 2684 non
636 2611 680 2682 ad
705 2609 856 2684 aliarum
877 2613 1039 2710 gentium
1058 2613 1102 2684 si-

34 2743 278 2818 militudinem
305 2741 445 2835 efficta,
475 2743 536 2816 sed
563 2741 674 2842 ipsius
705 2741 831 2842 populi
859 2743 1001 2840 ingenio
1035 2768 1105 2816 ex-

31 2900 161 2971 pressa,
179 2876 231 2945 ita
253 2873 363 2946 refert
385 2899 508 2946 eorum
522 2885 730 2946 mentemst
754 2873 887 2964 studia,
915 2885 959 2944 ut
980 2873 1018 2943 in
1039 2872 1105 2944 hac

30 3016 202 3102 tanquam
232 3003 274 3074 in
297 3001 441 3099 speculo
466 3003 580 3076 omnis
607 3011 732 3074 eorum
762 3000 881 3076 cultus
908 3014 945 3073 et
970 3003 1102 3074 huma-

27 3139 110 3209 nitas
136 3134 334 3235 refulgeat.
364 3135 515 3208 Exsulta
540 3137 742 3234 primumn
772 3139 884 3234 potitis
906 3137 955 3208 ita
980 3150 1102 3210 ornata

24 3283 70 3342 est
98 3270 280 3342 orationis
308 3266 472 3342 ubertate
497 3269 761 3366 verborumque
787 3267 949 3362 lumine,
978 3270 1026 3342 ita
1057 3271 1102 3344 ad

21 3424 269 3474 numerorum
282 3399 492 3472 suavitatem
508 3400 715 3496 composita,
728 3400 777 3470 ita
790 3397 834 3471 ad
848 3423 971 3472 omnes
990 3399 1101 3472 animi

19 3559 144 3606 sensus
176 3544 373 3630 motusque
400 3531 613 3630 effingendos
639 3532 808 3622 formata,
836 3543 878 3604 ut
901 3537 1042 3628 poe'seos
1066 3543 1101 3602 et
1142 3527 1146 3545 '

19 3667 183 3740 musicae
195 3665 251 3740 vis
267 3661 307 3736 in
324 3688 365 3736 ea
377 3663 529 3738 maxime
546 3664 760 3738 dominetur.
775 3665 856 3736 Post
869 3687 967 3750 vero,
984 3685 1100 3758 quum

24 3791 253 3914 Graecorum
273 3793 418 3892 ingenia
440 3819 459 3864 a
481 3785 622 3892 possem
640 3793 757 3868 studio
779 3794 824 3868 ad
844 3790 1101 3897 philosophiam

27 3939 271 4004 maturescere
304 3925 526 4022 coepissent,
554 3928 661 4000 etism
689 3924 811 4023 lingua
843 3949 968 4000 eorum
994 3923 1103 4020 magis
