2870 4824
231 506 384 606 cognitio
394 507 469 605 ipsa
477 508 680 608 argumenti
688 508 905 606 gravitatese
917 509 1155 604 commendat,
1164 535 1238 584 non
1250 513 1315 585 mi-

228 663 300 710 nus
311 637 586 712 commendatur
596 650 763 714 veterum
776 639 815 710 iu
830 639 897 713 hoc
915 639 1033 714 studio
1046 643 1260 740 praestantia
1277 655 1315 718 et

228 771 449 844 auctoritate.
463 769 674 870 Repetenda
691 781 746 844 est
758 770 856 844 enim
872 745 1093 872 philosophia
1112 799 1133 844 a
1150 771 1312 869 Graecis,

183 891 186 899 ’
226 902 293 1002 qui
304 927 390 975 cum
402 900 538 1001 ingenii
551 901 670 1000 vigore
682 901 839 975 maxime
850 900 1116 996 excelluerunt,
1129 916 1210 976 tum
1222 908 1315 1005 cogi·

227 1035 329 1110 tandi
345 1047 383 1110 et
400 1033 595 1109 disserendi
612 1033 731 1108 studio
750 1035 799 1107 ita
818 1033 1035 1128 floruerunt,
1055 1047 1099 1109 ut
1116 1035 1162 1108 ab
1181 1037 1223 1110 iis
1239 1064 1313 1112 non

225 1167 375 1240 inventa
398 1165 503 1240 modo
520 1166 608 1241 haec
636 1165 845 1264 disciplina,
870 1167 932 1242 sed
963 1165 1108 1241 exculta
1132 1179 1242 1267 atque
1267 1169 1313 1244 ad

226 1323 405 1370 summam
427 1322 544 1396 paene
562 1296 820 1396 perfectionem
838 1297 884 1370 sit
908 1296 1072 1371 adducta.
1099 1297 1189 1392 Quis
1212 1299 1312 1373 enim

226 1433 388 1532 ignorat,
414 1443 550 1532 quanta
573 1457 715 1531 semper
737 1431 848 1504 fuerit
872 1427 1029 1503 Platonis
1052 1441 1090 1504 et
1112 1431 1312 1506 Aristotelis

225 1567 438 1660 auctoritas,
470 1569 648 1668 quicum
676 1593 742 1667 per
771 1566 886 1640 multa
917 1566 1038 1642 secula
1066 1568 1311 1668 principatum

223 1702 263 1772 in
290 1697 512 1798 philosophia
541 1701 769 1792 tenuissent,
799 1711 881 1772 tum
908 1711 1027 1771 nostra
1057 1699 1164 1772 etiam
1195 1712 1310 1774 aetate

223 1831 391 1904 maximis
405 1831 597 1904 doctorum
614 1829 805 1904 hominum
822 1841 859 1902 et
876 1827 1169 1928 philosophorum
1184 1831 1312 1906 studiis

223 1961 465 2038 celebrantur.
496 1963 540 2034 Hi
572 1974 692 2036 tamen
719 1961 933 2060 priusquam
964 1961 1008 2034 ad
1037 1959 1185 2036 culmen
1214 1961 1309 2038 illud

222 2107 367 2192 possent
393 2093 605 2192 pervenire,
632 2118 744 2191 quam
773 2090 881 2164 multi
905 2093 1121 2166 exstiterunt
1145 2092 1307 2168 doctrina

223 2235 261 2296 et
292 2222 438 2322 ingenio
467 2219 707 2314 excellentes,
738 2245 898 2320 quorum
928 2221 1054 2294 studiis
1084 2233 1121 2296 et
1151 2223 1308 2300 inventis

222 2353 484 2452 patelactajam
498 2351 554 2427 via
580 2363 649 2445 est,
676 2377 787 2452 quam
800 2350 855 2424 illi
867 2363 954 2425 sunt
966 2353 1157 2450 persecuti.
1171 2353 1305 2448 Quam-

222 2483 347 2558 obrem
372 2496 409 2557 et
436 2483 481 2556 ad
504 2483 694 2558 literarum
717 2483 958 2582 cognitionem
973 2495 1010 2556 et
1032 2483 1078 2556 ad
1096 2483 1307 2560 eruditionis

219 2615 384 2690 fructum
395 2617 544 2688 maximi
557 2628 609 2688 est
622 2613 807 2704 momenti,
826 2627 992 2690 veterum
1008 2613 1161 2690 illorum
1178 2643 1305 2716 cogno-

220 2771 318 2820 scere
349 2758 586 2820 monumenta
609 2744 744 2844 quibus
774 2757 811 2819 et
840 2744 1016 2820 seriorum
1041 2747 1170 2846 scripta
1204 2747 1305 2822 illus·

220 2890 380 2970 uantur,
398 2891 437 2951 ct
451 2877 633 2951 doctrinae
649 2877 870 2951 incrementa
887 2877 1076 2976 fontesque
1088 2879 1322 2977 aperiunturx

219 3012 388 3112 equibus
404 3011 449 3086 ad
462 3023 597 3084 tantam
612 3009 886 3110 amplitudinem
900 3010 1120 3112 philosophia
1133 3014 1301 3090 excrevit.

268 3255 306 3326 Si
340 3281 423 3329 vero
457 3255 501 3330 ad
535 3256 665 3332 veteris
703 3253 946 3356 philosophiae
980 3256 1202 3333 incunabula
1246 3287 1302 3337 re·

217 3387 402 3478 cedamus,
428 3393 508 3486 ejus
532 3389 635 3462 initia
662 3414 736 3462 non
749 3387 889 3481 solum,
917 3401 961 3461 ut
972 3387 1228 3491 plerarumque
1245 3419 1300 3466 ar-

216 3521 326 3616 tium,
344 3521 496 3594 fuerunt
509 3521 669 3612 obscura,
683 3519 745 3593 sed
761 3519 887 3593 eadem
900 3517 965 3593 diu
976 3545 1124 3621 quoque
1140 3519 1299 3622 neglecta

214 3663 325 3749 atque
356 3679 375 3723 a
408 3647 532 3723 multis
561 3650 650 3723 adeo
681 3661 860 3722 contemta
893 3663 980 3724 sunt
1013 3663 1050 3726 et
1083 3653 1296 3748 vituperata.

213 3779 460 3880 Philosophiae
490 3781 589 3853 enim
620 3805 738 3879 quum
772 3805 813 3853 ea
841 3782 887 3852 sit
914 3795 1069 3875 natura,
1100 3807 1194 3880 quae
1222 3809 1297 3856 non

212 3912 319 3988 certis
345 3913 510 3986 adstricta
534 3911 668 4011 regulis
692 3913 870 4011 certisque
894 3913 1026 3987 finibus
1051 3925 1150 4012 septa
1176 3927 1296 3990 tenea-

213 4057 298 4137 tur,
323 4045 384 4118 sed
408 4043 656 4142 progrediatur
682 4068 824 4141 semper
851 4055 887 4116 et
912 4043 1021 4142 magis
1048 4044 1233 4144 magisque
1259 4074 1296 4121 se
