2870 4824
1139 445 1142 451 Ι
1163 383 1196 427 11

92 529 161 606 sola
196 529 347 633 divina*
371 545 410 608 et
442 545 587 608 aeterna
611 533 821 608 haberetur.
851 533 943 608 Hine
974 529 1196 608 celebratum

95 661 187 737 illud
209 662 416 739 decretum
445 691 454 736 ι
481 668 512 736 ἓν
536 673 573 736 τὰ
593 675 714 760 πάντα,
743 691 855 738 onum
878 691 951 738 eaeo
973 671 1104 739 omnia.
1129 665 1196 739 Ne·

100 820 169 894 que
193 807 332 870 tamen
355 821 401 870 eo
414 797 567 870 fuerunt
578 797 757 891 contenti3
775 808 1024 896 processerunt
1043 794 1195 896 longius.

102 925 334 1000 Mirabantur
359 928 484 1020 enim,
509 931 538 1000 si
555 953 676 1002 unum
700 927 806 1002 modo
829 940 942 1022 esset,
967 928 1067 1002 unde
1089 929 1198 1002 orire·

103 1069 162 1129 tur
187 1069 296 1128 tanta
324 1055 388 1129 illa
417 1081 594 1158 generum
623 1058 801 1146 varietas,
833 1069 932 1132 tauta
961 1071 1113 1132 naturae
1140 1059 1197 1135 vi.-

103 1189 275 1263 oissitudo
296 1217 305 1262 :
323 1189 586 1264 intellexerunt
610 1216 719 1290 ergo,
746 1215 822 1265 esse
842 1191 885 1264 in
908 1191 1143 1266 universitate
1160 1204 1198 1266 et

105 1345 288 1420 gnerum
317 1321 561 1399 diversitatem
589 1335 628 1396 et
660 1348 774 1396 unam
802 1322 986 1423 quandam
1018 1324 1093 1399 vim
1124 1349 1198 1424 qua

106 1466 237 1528 cuncta
265 1457 569 1556 constringantur.
595 1455 698 1550 Quae
721 1454 820 1527 notio
843 1454 955 1554 posita
978 1455 1127 1555 quidem
1145 1467 1198 1530 est

106 1586 143 1658 in
162 1589 357 1661 communi
381 1585 619 1688 intelligentia
644 1599 683 1662 et
708 1589 811 1687 quasi
833 1587 1037 1663 Promethei
1058 1589 1198 1688 ignicu-

105 1717 170 1813 lis,
204 1732 253 1792 ut
279 1719 385 1794 Plato
417 1705 542 1819 fingit,
569 1721 609 1792 in
643 1719 836 1792 hominum
860 1721 989 1793 animis
1017 1719 1197 1818 sparsa*,

106 1848 369 1950 explicuerunt
397 1876 482 1930 vero
510 1849 714 1950 philosophi
737 1863 775 1926 et
798 1863 895 1924 certa
915 1851 1062 1924 rationis
1085 1851 1198 1926 forma

106 1980 484 2081 comprehenderunt,
507 1981 683 2082 principia
709 1981 871 2056 universi
888 1991 1087 2054 statuentes
1103 2009 1134 2052 εν
1151 1989 1202 2054 καὶ

104 2121 221 2212 adid,
241 2144 354 2191 onum
371 2143 445 2190 ease
460 2128 496 2189 et
518 2123 637 2191 motta.
659 2116 769 2189 Porro
784 2117 814 2189 si
834 2115 880 2190 de
897 2117 935 2193 vi
951 2115 1072 2193 divina
1089 2141 1198 2216 quae·

106 2274 250 2342 ramus,
264 2249 327 2322 cui
338 2248 459 2347 ignota
472 2259 525 2321 est
537 2247 769 2346 Anaxagorae
780 2247 983 2340 sententia,
997 2247 1063 2346 qui
1079 2246 1200 2321 Deum

105 2381 235 2454 statuit
256 2381 371 2479 ipsam
395 2365 558 2453 mentem
581 2378 655 2476 (τὸν
679 2377 806 2476 Νοῦν),
830 2403 991 2452 caussam
1010 2379 1125 2452 omnis
1140 2406 1201 2453 na·

10 2503 20 2530 '
106 2526 246 2606 turae,
273 2539 347 2612 qua
380 2513 427 2585 et'
443 2510 490 2584 ab
519 2509 623 2583 initio
654 2509 779 2584 effecta
810 2521 848 2582 et
880 2509 1042 2582 ordinata
1081 2521 1199 2584 essent

105 2645 228 2716 omnia
240 2655 278 2717 et
291 2653 468 2742 perpetuo
481 2651 695 2742 regerentur
707 2667 717 2735 ;
732 2641 833 2714 hunc
845 2665 919 2714 esse
932 2639 1042 2712 totius
1056 2639 1197 2734 mundi,

107 2774 197 2849 coeli
242 2787 523 2872 terrarumque,
566 2783 743 2846 rectorem
775 2799 783 2844 :
817 2783 855 2851 ὡς
882 2773 957 2850 Νοῦς
982 2775 1029 2855 έςὶ
1058 2773 1199 2859 βασιλεὺς

107 2919 175 2999 ἡμῖν
210 2909 329 3002 οὐρανοῦ
356 2932 389 2973 τε
419 2911 468 2973 καὶ
491 2901 616 3000 γῆςμ.
642 2901 681 2972 Si
696 2927 782 2977 vero
809 2926 935 2975 rerum
950 2913 1119 2973 naturam
1143 2901 1199 2974 in-

109 3037 304 3134 spiciamus
328 3045 366 3106 et
390 3043 588 3132 perpetuae
608 3033 688 3128 ejus
708 3031 962 3108 vicissitudinis
981 3029 1077 3129 leges
1098 3055 1198 3104 caus-

109 3193 236 3268 sasque
248 3190 487 3266 quaeramus,
508 3165 591 3264 quis
610 3189 685 3237 non
705 3163 905 3237 admiretur
925 3161 1198 3260 Empedocleam

110 3299 357 3391 sententiam,
386 3322 459 3396 qua
487 3297 592 3368 finxit
615 3295 690 3369 duo
717 3294 894 3394 principia
923 3293 1020 3366 inter
1052 3319 1090 3367 se
1113 3320 1198 3367 con·

109 3435 245 3524 traria,
279 3431 450 3505 Amorem
478 3441 515 3502 et
545 3427 764 3502 Discordiam
799 3427 934 3527 (Φιλίαν
967 3439 1006 3501 et
1035 3427 1139 3504 Νεῖκος
1154 3424 1196 3521 ),

108 3590 269 3666 quorum
281 3573 414 3634 mutua
427 3561 657 3634 contentione
670 3584 755 3632 cum
771 3558 889 3630 omnia
902 3568 1080 3656 perpetuo
1094 3565 1197 3628 motu

108 3697 288 3798 fluxuque
295 3693 491 3794 agitentur,
506 3704 587 3765 tum
599 3691 840 3790 sempiternus
848 3700 1000 3762 naturae
1013 3685 1098 3761 ordo
1110 3711 1198 3759 con-

140 3947 182 4030 (*)
203 3947 292 4008 Plato
313 3944 425 4005 Philels.
445 3967 475 4028 p.
496 3947 532 4010 16
551 3949 584 4010 G.

135 4079 191 4161 θ’)
216 4079 304 4141 Plato
324 4075 398 4140 ibid.
416 4099 445 4160 p.
465 4077 504 4140 28
636 4067 640 4075 ’
