2924 4820
323 317 388 382 152
745 337 783 378 ns
805 336 995 383 xnnorntnrs

319 513 439 562 sauna
476 488 586 585 firerit
623 473 734 585 quod'
754 483 957 558 Aristoteles
984 495 1021 556 et
1056 483 1316 581 Theophrastus
1349 487 1384 558 in

319 593 471 667 aliorum
488 592 624 690 placitis
644 591 843 675 ,referendis
858 590 967 684 hujus
991 590 1212 662 mentionem
1238 613 1315 662 raro
1329 591 1382 664 fe·

318 711 457 773 cerunt.
490 698 715 771 Recentiores
743 709 865 770 autem
893 719 1008 792 quum
1042 696 1131 768 haec
1162 695 1208 766 ad
1234 695 1384 794 physico·

317 831 401 877 rum
426 804 607 902 quandam
629 815 742 874 artem
764 802 922 900 redigere
936 801 1142 891 studerent,
1167 825 1242 871 non
1260 802 1384 874 mirum

317 923 453 983 tantam
466 911 637 983 exstitisse
652 910 696 982 de
717 935 840 981 eorum
856 907 992 1006 placitis
1006 908 1298 998 controversiam,
1320 933 1384 1006 qua

316 1017 455 1089 nubem
481 1017 685 1113 antiquitati
704 1015 921 1087 offuderunt.
942 1015 1114 1087 Detractis
1137 1015 1250 1110 igitur
1265 1013 1385 1086 horum

315 1122 552 1212 commentis,
562 1147 606 1194 ex
627 1123 754 1194 veteris
767 1121 844 1194 aevi
856 1122 998 1218 ingenio
1011 1119 1245 1215 Xenophanis
1260 1120 1385 1216 opinio·

315 1252 380 1300 nes
405 1240 441 1298 et
458 1227 549 1300 diota
570 1227 775 1325 explicanda
803 1239 904 1319 sunt,
920 1253 992 1325 qua
1015 1227 1309 1323 interpretatione
1326 1225 1383 1297 tol-

314 1331 413 1406 letur
438 1335 501 1404 ista
528 1335 762 1409 controversia
790 1347 827 1407 et
852 1331 968 1406 multo
990 1331 1122 1406 clarius
1152 1331 1287 1430 patebit
1313 1337 1383 1428 ejus

315 1440 505 1514 sententia.

815 1723 886 1808 μ

358 1935 649 2031 Quaerentibus,
684 1964 777 2036 quae
804 1939 1047 2038 Xenophanes
1077 1939 1123 2012 de
1155 1940 1283 2012 mundi
1310 1941 1374 2012 ori-

308 2043 392 2141 gine
422 2046 586 2134 senserit,
618 2045 728 2139 hujus
750 2045 963 2142 quaestionis
978 2045 1260 2119 fundamentum
1286 2045 1375 2116 nobis

308 2149 354 2217 sit
379 2149 575 2221 Aristotelis
603 2147 722 2240 locus,
752 2150 817 2220 ubi
842 2171 1122 2225 commemorans
1151 2177 1223 2249 qua
1251 2151 1374 2224 ratione

311 2265 349 2324 et
371 2278 443 2350 qua
468 2255 504 2328 vi
529 2256 712 2353 ingentem
733 2254 832 2326 illam
854 2268 969 2328 terrae
995 2256 1127 2332 molem
1149 2271 1284 2332 veteres
1301 2282 1374 2328 con-

310 2359 431 2430 sistere
458 2371 494 2432 et
513 2361 696 2456 quiescere
721 2361 902 2453 dixerint,
926 2361 1119 2454 Nonnulli,
1147 2365 1282 2460 inquit,
1304 2361 1374 2432 ainat-

307 2494 356 2560 ραν
387 2469 419 2535 τὸ
451 2475 530 2534 κάτω
563 2485 612 2548 τῆς
645 2485 696 2560 γῆς
724 2464 937 2565 εἶναίφασιν,
968 2464 1024 2540 ἐπ’
1057 2468 1229 2568 dissipor
1263 2473 1374 2548 αὐτὴν

307 2569 572 2668 ίρριζῶσθαι
600 2577 752 2668 λέγοντες,
777 2575 875 2672 ὥσπερ
900 2577 1058 2674 Ξενοφάνης
1085 2587 1099 2646 ὁ
1123 2582 1312 2674 Κολοφώνιος,
1332 2581 1373 2641 ’ίνα

308 2687 350 2770 μὴ
376 2675 527 2772 πράγματ’
552 2677 644 2770 ἔχωσι
672 2692 817 2762 ζητοῦντες
838 2691 889 2764 τὴν
918 2690 1029 2752 αἰτίαν·
1054 2683 1096 2754 διὸ
1122 2690 1173 2752 καί
1192 2678 1373 2774 Ἐμπεδοκλῆς

305 2781 392 2860 οὕτως
417 2787 574 2867 ἐπέπληξεν
600 2790 685 2855 είπὼν
710 2797 747 2866 ὡς
772 2784 918 2883 (potius
943 2786 1012 2888 leg.
1045 2793 1137 2872 αὐτοῖς
1163 2791 1316 2872 ἐπέπληξεν
1341 2793 1374 2854 εἰ·

308 2895 369 2964 aus
395 2886 454 2964 dds
467 2891 497 2988 )·

404 3064 483 3152 εἴπερ
507 3065 641 3153 ἀπείρονα
669 3076 720 3151 γῆς
742 3085 773 3127 τε
800 3061 887 3145 βάθη
916 3067 966 3128 καί
987 3060 1104 3152 δαψιλός
1134 3067 1253 3156 αἰθὴρ,

406 3174 444 3240 ὡς
469 3164 517 3232 διὰ
537 3165 648 3233 πολλῶν
672 3163 708 3246 οη
737 3167 871 3258 γλώσσης
891 3164 1024 3260 ρηθέντα
1050 3177 1181 3257 ματαίως

407 3277 560 3360 ἐκκέχυται
588 3282 744 3364 captivos,
773 3274 861 3365 ὀλίγον
887 3285 933 3341 τοῦ
953 3279 1055 3352 παντὸς
1083 3273 1198 3344 ἰδόντων
1225 3281 1257 3339 ¹⁷.

311 3457 547 3556 Xenophanes
574 3459 685 3556 igitur
723 3483 880 3530 caussam
908 3458 1019 3552 hujus
1048 3462 1100 3532 rei
1141 3485 1214 3532 non
1237 3451 1367 3556 quaesi-

307 3569 377 3660 vit,
392 3579 534 3638 tantum
550 3566 660 3655 dixit,
684 3568 793 3638 imam
811 3580 927 3639 terrae
945 3579 1083 3664 partem
1099 3569 1273 3640 infinitam
1291 3582 1365 3634 esse·

307 3671 423 3746 Dictio
447 3669 490 3745 ἐπ’
520 3671 636 3771 ἄπειρον
662 3683 712 3757 τήν
734 3693 788 3770 γῆν
813 3667 996 3772 ίρῥιζῶπθαι
1029 3677 1165 3772 politica
1190 3684 1242 3745 est
1267 3667 1366 3760 etip·

345 3905 1365 4000 &mmmmmmmnfflwmm

301 4003 430 4068 lectionis
448 4009 583 4066 varietate
602 4008 732 4087 leguntur
745 4009 776 4068 in
792 4008 886 4069 libello
897 4007 932 4069 de
944 4011 1081 4094 Xenoph.
1096 4011 1162 4072 Zen.
1177 4009 1262 4086 Gorg.
1273 4021 1328 4080 cap·
1342 4015 1363 4053 ²·
