2924 4820
507 323 722 368 ruinosornin.
1090 306 1153 373 167

94 473 248 546 Similiter
273 472 318 546 de
341 469 453 546 luna:

133 627 251 713 Quor,
276 619 419 717 inquit,
446 631 595 716 nequent
617 645 750 714 sempor
774 645 862 691 novo
889 628 974 694 tono
993 629 1138 712 cruori,

132 729 259 800 Ordine
282 733 479 818 formarum
504 739 595 798 certo
615 727 785 824 certisque
800 728 958 822 figuris,

128 839 233 930 Inque
257 835 331 905 dios
351 842 471 928 privos
496 833 647 904 aborisci
674 859 830 930 quaeque
854 847 982 907 creato.

31 993 32 1026 ³
128 985 339 1080 llnjusmodi
363 1011 446 1082 ergo
469 984 704 1082 Xenophanis
733 984 779 1058 de
804 981 980 1059 astrorum
1003 999 1087 1060 ortu
1116 999 1154 1061 et

31 1115 32 1184 j
91 1116 195 1162 occasu
231 1092 340 1163 fuisse
367 1093 514 1163 videtur
547 1092 669 1188 opinio
700 1117 708 1162 :
739 1091 838 1188 quod
872 1104 995 1166 autem
1028 1119 1155 1167 eorum

92 1199 192 1270 lucem
211 1200 444 1297 interstingui
461 1199 576 1287 dixit,
593 1224 667 1270 non
684 1199 732 1270 ita
750 1197 1031 1298 intelligendum
1053 1203 1155 1298 quasi

31 1345 32 1388 i
91 1306 150 1403 ipsa
172 1332 318 1404 prorsus
337 1331 547 1379 evanescere
565 1304 721 1380 voluerit
740 1315 777 1377 et
791 1305 922 1398 deleri,
936 1307 997 1380 sed
1014 1309 1154 1405 potius,

31 1463 32 1466 κ
91 1427 125 1484 nt
139 1429 302 1488 veterum
324 1415 589 1512 comparatione
612 1426 717 1505 utar,
743 1412 859 1488 veluti
879 1413 1077 1486 carbonum
1094 1439 1155 1488 ex·

31 1537 32 1582 1
92 1521 198 1592 stincto
226 1521 409 1610 candore,
435 1522 484 1593 sic
516 1519 648 1592 horum
674 1518 756 1592 luce
785 1519 979 1618 dissipata,
1011 1545 1156 1617 corpora
1242 1567 1243 1572 κ

91 1642 192 1704 tamen
220 1643 259 1706 et
285 1630 406 1728 globos
432 1629 617 1728 relinqui,
648 1655 742 1728 quae
768 1657 860 1706 nova
886 1632 1054 1728 deinceps
1073 1629 1155 1704 luce

31 1751 32 1756 ’
93 1738 217 1814 accendi
244 1739 421 1834 novisque
447 1737 553 1810 radiis
576 1735 749 1808 illustrari
776 1751 924 1833 queant.

129 1843 212 1914 Cum
239 1843 309 1916 hoc
338 1843 467 1942 placito
500 1841 603 1914 facile
627 1842 839 1926 conciliatur
864 1843 962 1939 quod
984 1843 1156 1916 Stobaeus

94 1946 206 2046 aliique
222 1949 389 2037 tradunt,
408 1948 665 2046 Xenophanem
689 1945 823 2018 multos
847 1959 958 2044 atque
986 1949 1073 2020 adeo
1097 1949 1157 2020 in-

93 2053 189 2126 finitos
219 2055 384 2128 statuisse
409 2052 500 2126 soles
525 2066 563 2124 et
591 2051 723 2142 lunas,
753 2077 818 2149 pro
846 2054 951 2128 variis
977 2066 1157 2126 terrarum

94 2163 279 2258 regionibus
312 2161 490 2257 variisque
528 2160 624 2230 zonis
651 2157 687 2231 ⁶⁰.
724 2158 830 2252 Quod
861 2162 890 2231 si
916 2159 1158 2258 intelligamus

31 2295 33 2320 ν
93 2267 162 2340 soles
188 2269 370 2366 lunasque
402 2293 557 2340 numero
584 2265 787 2363 complures
814 2279 879 2344 aut
906 2268 1086 2354 infinitos,
1114 2280 1158 2340 ut

94 2373 236 2472 plerique
251 2379 555 2472 interpretantur,
568 2373 696 2444 merito
710 2371 863 2445 absurda
875 2372 1052 2444 habeatur
1063 2373 1151 2447 haec

95 2484 214 2577 opinio,
238 2509 356 2581 eoque
391 2483 530 2580 magis,
565 2481 663 2578 quod
699 2479 776 2552 aliis
802 2479 886 2552 locis
910 2507 1028 2552 unum
1054 2481 1159 2554 modo

94 2588 184 2662 solem
199 2616 389 2688 unamque
406 2588 532 2662 lunam
551 2589 717 2687 agnoscit.
732 2587 839 2686 Magis
861 2600 913 2660 est
930 2588 1160 2686 Xenophanis

94 2699 187 2768 nenti
209 2709 492 2770 consentaneum
514 2694 603 2767 soles
628 2694 805 2792 lunasque
822 2692 1023 2791 intelligere
1052 2719 1159 2776 reno-

94 2813 171 2875 vatas
200 2803 283 2876 solis
327 2801 512 2900 lunaeque
539 2801 692 2892 formas,
718 2802 855 2899 quippe
883 2825 973 2898 quos
997 2801 1160 2900 quotidie

95 2930 166 2984 nova
192 2909 277 2984 luce
298 2909 467 3000 accendi,
490 2906 549 2982 vel
573 2920 616 2980 ut
643 2909 831 2980 Lucretius
850 2907 923 2998 ait,
952 2931 1046 2982 nova
1068 2932 1159 2980 sem-

95 3041 145 3111 per
169 3018 308 3091 lumina
339 3018 437 3115 gigni
454 3015 717 3108 arbitrabatur,
738 3015 953 3112 eosdemque
974 3041 1039 3112 pro
1070 3013 1160 3088 coeli

95 3133 328 3222 terrarumque
365 3123 568 3197 diversitate
593 3122 940 3194 modovardentiores
960 3121 1065 3216 modo
1082 3119 1159 3192 lan-

95 3231 253 3324 guidiores
284 3243 424 3329 putasse
458 3229 642 3327 probabile
675 3242 737 3300 est.
769 3229 863 3300 Cum
890 3253 962 3326 qua
983 3228 1159 3300 sententia

96 3342 243 3411 convenit
270 3339 379 3410 etiam
397 3337 597 3409 communis
620 3335 793 3433 loquendi
813 3360 900 3405 usus
930 3335 1003 3406 :sic
1023 3335 1160 3424 Latini,

97 3451 202 3538 poetae
233 3447 467 3544 praesertim,
494 3451 581 3516 soles
599 3441 783 3542 appellant
806 3442 960 3515 diversas
981 3455 1161 3514 terrarum

129 3671 185 3751 (60)
206 3675 340 3736 Stobaeus
357 3679 390 3750 l,
416 3675 464 3737 26.
486 3697 514 3757 p.
530 3673 591 3752 534
612 3700 618 3733 :
644 3671 735 3745 Ξυὸφ.
763 3669 882 3731 roubais
907 3667 969 3730 ciret
997 3667 1086 3736 libicos
1113 3669 1160 3732 nal

99 3761 196 3831 esurires
218 3766 294 3829 narei
312 3765 349 3828 rai
366 3766 494 3844 nhr'prara
519 3777 568 3829 riis
589 3776 642 3838 γῆς
664 3765 710 3824 nel
732 3761 877 3839 increparis
898 3766 944 3823 nai
966 3759 1061 3838 ζιῖνις.
1080 3783 1162 3840 quem

99 3847 264 3938 locumsupra
277 3879 305 3938 p.
321 3857 376 3939 159
390 3859 479 3937 attigi.
493 3857 637 3914 Plutarch.
655 3855 726 3935 plac.
743 3853 812 3934 pbil.
833 3853 862 3912 II
870 3897 880 3923 ,
899 3852 946 3931 24.
958 3851 1056 3914 Galen.
1077 3851 1160 3913 le.

101 3939 216 4022 Origenes
237 3949 256 4007 l.
274 3949 294 4006 l·
315 3947 437 4031 circipanis
461 3945 550 4017 siolaus
574 3944 636 4008 sirau
658 3945 704 4006 nal
726 3942 855 4012 reminas·
