2924 4820
177 399 181 408 ,
234 319 274 380 ¹2
407 413 410 420 .
617 343 665 391 ns
686 338 900 430 cannarum

232 531 295 580 aas
318 506 419 603 lecit,
441 533 515 608 quo
538 519 696 610 tempore
719 491 960 608 haeccivitas,
985 509 1111 612 opibus
1124 526 1162 586 et
1182 513 1299 614 splen·

232 627 316 702 dore
347 625 418 726 jam
440 625 636 720 excellens,
669 629 786 705 doctos
808 631 969 708 homines
992 647 1029 708 et
1051 634 1197 708 artifices
1219 659 1298 708 un·

232 750 341 852 dique
376 747 420 823 ad
454 775 491 823 se
524 764 696 852 tanquam
729 753 773 826 ad
807 779 997 829 commune
1035 754 1299 854 receptaculum

231 869 410 949 invitabat
446 862 556 958 Venit
579 897 642 963 eo,
667 887 709 945 nt
732 873 831 948 Plato
847 889 985 968 narrat,
1003 873 1047 948 ad
1064 873 1300 948 Panathenae-

231 1017 337 1068 orum
352 989 607 1083 celebritatem,
624 1005 738 1065 aetate
755 1007 919 1066 maturus
934 1009 970 1068 et
985 994 1163 1070 doctrinae
1177 993 1302 1068 studiis

232 1111 367 1205 danis,
389 1110 512 1212 ibique
536 1093 757 1212 aliquamdiu
768 1127 928 1190 versatus
945 1131 1015 1209 est,
1030 1117 1069 1189 in
1080 1115 1302 1190 eruditorum

230 1233 419 1308 bominum
437 1247 474 1306 et
484 1231 746 1306 adolescentum
758 1248 862 1307 coetu
877 1233 1171 1336 depbilosopbiae
1182 1261 1303 1336 quaes
1350 1284 1351 1292 1

231 1355 386 1430 tionibus
408 1379 586 1439 sermones
605 1379 737 1448 serens,
748 1379 905 1454 quorum
920 1358 1138 1432 mentionem
1152 1357 1305 1430 saoitSo

230 1491 342 1552 crates
359 1479 414 1547 ²⁶.
449 1479 485 1550 A
503 1503 577 1579 quo
603 1473 687 1548 inde
713 1489 872 1574 tempore
897 1475 1118 1550 Parmenidis
1138 1469 1302 1576 'pbiloso-

231 1597 314 1698 pbia
350 1583 422 1670 tarn
447 1593 741 1698 disputationibus
764 1621 874 1695 quam
900 1597 1037 1696 scriptis
1062 1599 1171 1698 magis
1198 1595 1306 1705 vulgo

230 1720 448 1804 innotescere
471 1719 596 1816 coepit.
632 1714 699 1789 Sed
716 1730 758 1788 ut
778 1716 884 1791 multi
902 1717 1069 1818 Athenas.
1080 1715 1305 1792 confluebant

232 1841 297 1941 qui
312 1840 493 1915 doctrinae
508 1839 675 1914 facultate
686 1851 722 1910 et
738 1839 873 1938 ingenii
890 1840 1055 1914 acumine
1072 1837 1306 1912 abuterentur

131 2005 134 2014 ι
232 1961 277 2036 ad
300 1965 444 2038 inanem
460 1962 651 2062 sapientiae
663 1961 933 2034 ostentationem
950 1974 987 2033 et
1002 1959 1179 2058 popularis
1196 1981 1303 2030 aurae

233 2087 442 2184 aucupium,
455 2081 578 2184 quales
593 2107 665 2154 non
683 2065 731 2188 ita
742 2079 860 2154 multo
870 2095 948 2179 post
957 2081 1131 2179 sophistae
1144 2080 1305 2169 fuerunt,

136 2222 138 2233 '
233 2231 323 2306 quos
344 2219 418 2277 tam
430 2205 555 2276 acriter
566 2201 677 2300 carpit
692 2201 864 2294 Socrates,
882 2203 930 2273 sic
947 2197 1229 2274 Parmenidesab
1244 2197 1306 2271 illo

232 2325 400 2400 laudatur
412 2338 454 2398 ut
465 2325 521 2398 vir
532 2322 652 2420 βαθὺς,
668 2319 788 2404 aidsio'r
802 2351 840 2398 rs
851 2321 949 2406 deruis
959 2351 1010 2416 rs,
1020 2325 1085 2425 qui
1102 2321 1307 2419 sapientiam

234 2473 307 2522 non
331 2473 424 2523 vana
447 2445 648 2536 ambitione,
673 2445 734 2520 sed
758 2447 893 2520 sincero
917 2447 1074 2522 veritatis
1097 2469 1215 2518 amore
1231 2453 1308 2517 'ex-

234 2579 391 2666 peteret,
415 2579 452 2640 et
475 2565 666 2641 disserendi
690 2591 843 2641 acumen
868 2593 954 2642 cum
978 2567 1145 2641 modestia
1168 2578 1206 2638 et
1225 2589 1310 2664 gra·

234 2781 410 2834 Parmenidem
427 2780 538 2832 discendi
556 2797 645 2833 mussa
661 2781 688 2832 iu
707 2785 820 2853 Aegypto
833 2783 936 2852 degisse
946 2784 1017 2855 quod
1027 2786 1109 2838 refert
1119 2785 1191 2836 linc.
1201 2784 1310 2838 Bellova-

235 2873 306 2928 ciua,
326 2869 426 2940 specul
445 2869 527 2922 doctr.
545 2871 571 2932 Ι,
588 2885 634 2937 aps
659 2869 829 2930 »Quindecim
846 2889 926 2924 annos
942 2873 977 2925 ob
993 2873 1187 2934 astronomicas,
1205 2882 1236 2926 ut
1251 2891 1310 2927 cre·

234 2961 330 3014 ‚dibile
346 2969 399 3024 eat,
415 2959 631 3014 considerationes
648 2959 675 3012 in
694 2976 759 3029 rupe
777 2962 929 3031 Aegyptiace
944 2961 1087 3014 conomius
1105 2961 1222 3028 legitur.”
1250 2961 1311 3014 Pni-

235 3052 396 3106 etiusetiam
411 3050 450 3101 lo.
468 3049 659 3102 sarisberiensis
676 3050 795 3117 Metalcg.
811 3053 844 3108 Π,
858 3067 880 3104 aa
897 3050 985 3104 »Licet
993 3050 1157 3104 Parmenides
1171 3051 1310 3121 Aegyptius

234 3144 277 3196 ain
291 3159 357 3212 rupe
374 3141 452 3194 vitam
467 3140 562 3208 egerit,
579 3147 611 3191 ut
626 3140 738 3192 rationes
756 3139 847 3206 logicas
864 3140 1008 3203 inveniret,
1035 3149 1075 3194 tot
1092 3149 1121 3192 et
1133 3148 1216 3194 tantos
1231 3140 1311 3193 studii

235 3231 347 3286 -habuts
358 3247 523 3295 successores,
540 3237 572 3282 ut
587 3231 611 3282 ei
631 3231 789 3284 inventionis
805 3247 866 3284 suae
882 3239 963 3282 totam
982 3229 1037 3284 lars
1053 3231 1244 3300 praeripuerint
1258 3231 1311 3299 glo·

235 3322 339 3380 „rum”
358 3322 470 3376 Fabulae
492 3321 578 3374 nescio
590 3319 660 3373 unde
679 3322 854 3374 concinnatae
890 3321 949 3373 Non
964 3319 1142 3390 improbabile,
1158 3329 1189 3374 ut
1205 3321 1312 3372 trandi-

234 3415 286 3469 siua
307 3423 399 3468 auctor
416 3420 468 3474 est,
496 3411 578 3464 efficta
597 3411 659 3462 baec
674 3427 760 3464 essee
777 3409 834 3462 loco
851 3411 972 3464 Mattiaci
991 3411 1108 3480 Capellae
1124 3413 1206 3480 Nupt.
1223 3413 1247 3474 I,
1265 3411 1312 3474 1r,

234 3521 260 3574 p.
278 3503 312 3573 95
332 3505 402 3554 Grot.
425 3499 606 3570 *progreditur
626 3499 782 3564 Dialectica3
800 3499 865 3552 baec
885 3515 912 3552 ae
935 3499 1070 3556 educatam
1088 3500 1191 3554 dicebat
1212 3504 1311 3570 Aegyp·

235 3594 331 3646 tiorum
358 3607 442 3661 rupe,
472 3598 549 3660 atque
570 3590 596 3640 in
619 3589 777 3642 Parmenidis
799 3589 892 3642 eunde
913 3589 1070 3657 gymnasium
1092 3597 1173 3659 atque
1201 3589 1313 3641 Atticam

234 3684 379 3747 dentatae,
399 3680 467 3735 etc.”
494 3681 564 3740 Quae
592 3679 645 3748 ipsa
666 3696 758 3748 parurn
786 3687 856 3734 recta
879 3679 915 3730 iili
938 3677 1119 3740 confundendo
1144 3677 1313 3748 augendoque

234 3777 324 3843 pejora
347 3772 515 3825 reddiderint.

266 3863 322 3930 (sd)
351 3861 425 3918 Plato
451 3861 535 3914 Paros.
551 3878 591 3930 pr.
608 3879 635 3931 p.
661 3877 721 3926 ιη,
745 3861 837 3914 1361).
857 3858 935 3930 Soplr.
953 3879 978 3930 p.
1000 3861 1100 3922 2150:
1125 3862 1256 3922 διεξιέναι
1274 3857 1313 3912 δι’

235 3959 423 4025 ἐρωτήσεων...
445 3951 502 4006 οἷόν
519 3969 587 4006 ποτε
608 3958 654 4006 καὶ
672 3954 839 4023 Παρμενίδῃ
856 3955 983 4022 χρωμένῳ
1002 3956 1049 4004 acl
1069 3957 1200 4016 doctiores
1218 3953 1316 4020 λόγους

235 4047 390 4116 παγκάλους
415 4049 614 4114 παρεγενόμην.
640 4039 646 4045 ’
