2870 4824
1158 313 1205 356 vn

85 481 181 557 qnae
241 459 293 532 in
329 459 418 534 Asia
470 461 600 534 minori
637 473 782 555 exorta,
832 461 918 536 inde
960 465 1088 563 serpsit
1139 487 1205 564 per

88 585 244 660 ltaliam
278 601 322 664 et
349 589 533 684 Siciliam,
558 591 718 693 denique
742 605 853 666 totam
878 593 1066 692 occupavit
1092 590 1205 670 Grae-

98 725 209 818 ciam,
244 738 290 800 et
315 727 513 800 maximam
541 727 660 802 effecit
682 752 807 801 rerum
835 726 1078 827 publicarum,
1103 727 1205 803 disci·

106 857 255 958 plinae,
279 859 487 936 studiorum
505 863 806 935 immutationem.
827 859 997 936 Civitates
1009 861 1110 938 novis
1130 887 1205 937 mo-

112 990 207 1065 tibus
225 993 402 1093 agitatae,
420 995 519 1070 novis
532 979 673 1093 legibus
689 993 866 1084 conditae;
886 1005 979 1067 artes
991 993 1205 1095 pleraeque,

115 1146 206 1220 qnae
230 1122 281 1196 ad
304 1125 401 1198 ritae
422 1122 564 1197 cultum
583 1125 832 1222 pertinerent,
852 1124 1039 1198 inchoatae
1058 1138 1124 1198 aut
1145 1151 1205 1200 ex-

116 1253 262 1349 cultae,
286 1281 379 1331 nora
405 1253 594 1330 literarum
616 1268 654 1328 et
677 1261 820 1356 poeseos
843 1281 975 1356 genera
997 1257 1145 1334 inventa
1169 1267 1206 1330 et

117 1385 298 1460 celebrata
327 1387 487 1487 denique
515 1387 706 1461 immutata
735 1391 811 1485 jam
838 1386 1017 1462 sentiendi
1047 1391 1207 1488 cogitan-

117 1519 228 1620 dique
252 1519 347 1592 ratio
370 1533 408 1594 et
431 1519 476 1592 ad
502 1517 664 1594 altiorem
693 1519 928 1594 humanitatis
952 1522 1104 1620 gradum
1122 1547 1207 1622 per-

117 1652 225 1726 ducta
253 1651 458 1728 videbatur.
484 1653 577 1753 Ergo
604 1654 692 1753 quid
717 1655 869 1747 mirum,
895 1655 1087 1728 hominum
1104 1680 1206 1730 men-

117 1796 167 1858 tes
193 1809 292 1859 novo
319 1808 467 1884 quoque
495 1784 694 1883 quaerendi
723 1783 842 1858 studio
871 1783 1044 1884 impulsos
1067 1785 1206 1880 fuisse,

117 1915 219 1986 utin
243 1939 372 1989 rerum
391 1915 555 1988 emnium
578 1914 784 1992 divinarum
805 1915 1125 2014 humanarumque
1145 1941 1207 1988 na-

116 2059 239 2120 turam
266 2045 475 2146 diligentius
505 2046 750 2148 inquirerent,
779 2071 874 2146 quae
903 2057 1043 2120 veteres
1069 2047 1208 2146 poetice

115 2176 288 2253 lusissent
322 2179 513 2252 stuchosius
536 2189 795 2272 retractarent,
826 2202 1000 2252 sensuum
1036 2177 1207 2277 imagines

116 2309 161 2382 ad
174 2319 334 2382 naturae
345 2309 536 2385 veritatem
552 2307 785 2387 revocarent?
802 2309 877 2382 Hoc
893 2308 1058 2384 studium
1071 2320 1116 2381 ut
1131 2309 1204 2408 pri-

114 2467 221 2516 mum
260 2452 482 2516 commotum
512 2453 589 2534 est,
615 2440 780 2514 mirabile
811 2453 948 2541 quanto
979 2439 1208 2540 flagraverint

115 2571 280 2648 discendi
311 2573 436 2648 anlore
462 2601 471 2645 z
500 2571 607 2648 multi
638 2571 869 2672 reliquerunt
898 2571 998 2646 sedes
1024 2596 1131 2664 suas,
1164 2580 1209 2644 ut

115 2707 326 2806 peregrinas
343 2706 504 2806 regiones
520 2704 803 2805 perlustrarent,
818 2696 1026 2778 exterarum
1042 2702 1208 2801 gentium

117 2863 263 2929 mores,
296 2837 485 2913 civitatum
518 2835 685 2908 instituta
718 2843 987 2933 cognoscerent,
1012 2831 1210 2931 prudentes

118 2969 284 3042 homines
309 2979 348 3042 et
370 2951 566 3041 sacerdotes
588 2966 825 3042 convenirent
848 2987 1006 3065 quorum
1034 2963 1208 3064 sapientia

119 3104 248 3177 tierent
283 3100 484 3196 doctiores,
516 3096 626 3173 multi
654 3122 816 3172 resenas
844 3094 1109 3196 neglexerunt,
1135 3119 1209 3194 quo

119 3235 271 3334 liberius
307 3259 433 3310 rerum
471 3229 767 3330 contemplationi
800 3241 838 3302 et
869 3227 1053 3302 doctrinae
1084 3226 1213 3300 studiis

120 3379 301 3444 vacarent.
315 3365 415 3462 Quid
436 3363 585 3440 multa?
610 3365 703 3438 Tum
729 3363 890 3463 primum
914 3359 1038 3434 illuxit
1057 3357 1209 3458 philoso-

120 3501 202 3601 phia
230 3524 329 3600 quae
353 3525 374 3571 a
399 3495 559 3570 ducendi
581 3495 700 3570 studio
724 3506 762 3568 et
786 3493 981 3593 sapientiae
1004 3515 1124 3565 amore
1143 3513 1207 3564 no-

120 3659 202 3708 men
227 3643 284 3707 est
314 3629 456 3729 adepta.

161 3842 422 3979 Philosophiae
444 3875 556 3950 forma
580 3873 697 3975 qualis
720 3872 823 3946 initio
846 3872 981 3965 fuerit,
996 3849 1208 3944 'amuranus

116 4017 268 4094 definire
288 4009 440 4090 difficile
464 4024 527 4088 est.
545 4011 595 4084 Ut
615 4009 714 4086 enim
738 4032 895 4109 eaquae
920 4017 1050 4082 natura
1075 4003 1210 4105 gignit,
