2966 4824
553 425 793 475 runosorms.
1145 415 1205 477 201

133 591 320 668 veritatem
354 593 475 668 refert.
523 591 763 686 Quamobrem
791 590 850 668 illo
879 591 1071 668 Aristotelis
1096 593 1212 668 inter-

130 714 286 812 pretatio
299 739 428 812 perum
440 711 581 788 videtur
597 713 777 813 probanda
798 727 835 788 et
856 717 964 814 magis
977 715 1087 814 ipu'ns
1099 739 1209 816 quem

128 833 355 908 Parmenidis
381 835 507 908 rationi
535 859 741 934 oongruere.
802 836 982 910 Nimirum
1008 835 1210 910 Armtoteles

129 979 221 1030 eum
237 956 311 1054 ipse
329 955 534 1030 inveritate
551 955 749 1056 indagando
766 981 890 1031 rerum
906 981 1043 1032 caussas
1059 969 1095 1028 et
1109 959 1211 1054 prin·

128 1077 224 1176 cipio
246 1077 401 1150 maxime
422 1075 673 1170 consideraret,
702 1077 747 1152 sd
771 1077 921 1176 eandem
945 1078 1117 1151 rationem
1140 1103 1210 1152 en-

126 1199 329 1299 tiquiorum
361 1209 512 1300 quoque
537 1201 727 1274 sententies
752 1213 789 1274 et
813 1199 939 1298 plseite
961 1200 1096 1298 exegit,
1124 1195 1210 1270 hinc

127 1319 239 1394 etiem
273 1324 349 1394 ens‘
368 1319 587 1396 Parmenidis
620 1345 798 1397 summam
831 1345 954 1394 rerum
986 1341 1143 1392 caussam
1170 1331 1208 1390 et

127 1455 283 1517 naturae
304 1441 522 1543 principium
537 1442 726 1536 intellexit,
742 1464 963 1542 quemquam
980 1438 1084 1512 fateri
1111 1463 1208 1512 eose-

126 1575 207 1654 tus,
222 1551 359 1640 nudem
381 1565 418 1638 in
439 1591 481 1639 eo
498 1564 662 1664 principii
680 1566 755 1641 rim
774 1577 838 1638 eut
856 1576 1005 1636 naturae
1026 1562 1206 1635 notionem

126 1707 253 1759 messe.

615 1991 633 2071 s
662 1989 717 2052 11.

174 2295 368 2372 Aristotelis
387 2296 527 2372 auditor
547 2297 831 2398 Theophrastus,
853 2313 1031 2400 quantum
1055 2325 1100 2374 ex
1126 2297 1204 2398 ejus

125 2417 333 2518 fragmentis
365 2417 551 2510 discimus,
586 2441 660 2490 nou
698 2429 967 2490 commentetur
983 2417 1203 2494 Parmenidis

124 2541 359 2632 sententiam,
382 2539 444 2614 sed
462 2539 605 2614 rationis
624 2535 702 2638 ejus
717 2563 893 2611 summam
910 2551 1054 2612 tentum
1074 2539 1201 2626 refert,

122 2673 167 2733 ut
189 2658 354 2759 superius
375 2659 529 2735 vidimus
551 2661 628 2732 ¹³⁶.
679 2659 816 2733 Deinde
838 2673 959 2734 eutem
980 2658 1115 2760 duplex
1138 2687 1198 2762 po·
1222 2685 1224 2690 ’

121 2780 299 2854 tissimum
319 2781 473 2857 involuit
487 2780 672 2856 doctorum
688 2783 933 2882 interpretatio
950 2781 995 2856 de
1011 2781 1107 2856 illius
1126 2809 1203 2858 sen·

122 2904 233 2976 tentia
257 2901 515 3002 judicantium:
539 2905 647 2979 altere
669 2931 795 2980 eorum
822 2909 887 3006 qui
912 2905 1112 2980 secundum
1133 2903 1201 2979 de-

122 3037 264 3098 cretum
284 3026 320 3102 11
343 3027 382 3102 rl
398 3031 488 3121 rrr'r'r,
504 3029 717 3104 universum
739 3027 920 3101 mundum
945 3053 1064 3100 unum
1083 3026 1201 3100 ePer·

121 3145 266 3221 menide
286 3149 394 3223 stetui
418 3149 625 3240 crederent,
643 3161 706 3221 eut
717 3173 842 3221 rerum
854 3163 1021 3222 naturum
1034 3162 1070 3221 et
1085 3173 1200 3249 gene-

120 3269 293 3343 rationem
303 3295 447 3344 omnem
464 3271 584 3369 negeri
599 3277 678 3343 ²³⁷.
704 3267 810 3360 Quod
823 3267 1005 3341 decretum
1028 3267 1158 3342 deinde
1177 3295 1197 3341 e

121 3388 243 3464 multis
260 3405 312 3464 est
322 3391 480 3465 derisum
490 3404 527 3464 et
542 3391 778 3490 exagitatum,
792 3391 894 3490 quasi
904 3389 963 3461 ille
973 3389 1089 3460 omnio
1101 3414 1203 3489 quoe

122 3513 233 3587 oculis
251 3527 445 3587 cernentur
464 3527 528 3588 eut
539 3510 738 3586 sustulisset
748 3524 812 3584 eut
825 3509 868 3582 ed
880 3535 999 3583 unum
1010 3533 1074 3582 ens
1085 3509 1196 3584 redu·

122 3638 227 3710 nisset
241 3640 320 3710 ¹³⁸.
371 3636 431 3707 Isti
444 3661 529 3710 rero
546 3661 605 3726 ee,
616 3658 711 3736 quoe
722 3631 949 3706 Parmenides
960 3627 1005 3703 de
1021 3655 1194 3704 sensuum

121 3757 202 3831 risis
241 3759 354 3852 canit,
393 3773 457 3832 aut
484 3783 532 3832 ne
559 3771 696 3856 norunt
725 3753 890 3856 quidem,
925 3767 990 3828 aut
1022 3766 1194 3853 tanquam

151 3955 225 4024 (136)
260 3956 617 4028 113.111ρ1151,ρ.113.,

154 4045 227 4113 (¹37)
261 4045 319 4098 Vid.
328 4063 405 4116 supro
417 4045 432 4117 ἓ
445 4063 486 4110 11,
498 4065 524 4116 p.
535 4063 589 4116 ¹9⁰·
610 4047 647 4101 cf.
659 4047 796 4101 Aristocles
807 4063 848 4116 sp.
862 4045 954 4103 Eureb.
969 4045 1059 4114 Praep.
1069 4043 1144 4101 XIV..
1156 4059 1192 4107 ¹7·

150 4133 222 4204 (138)
255 4135 342 4190 Veluti
359 4136 393 4190 eb
408 4137 512 4192 Hermio
531 4140 602 4193 lrris.
624 4139 714 4194 sentit
732 4137 797 4204 13)
815 4137 846 4190 cf
869 4153 945 4206 supro
965 4151 990 4205 p.
1010 4135 1055 4190 168
1068 4134 1157 4199 ,1.67.
