2924 4820
308 323 371 390 156
723 345 761 388 ns
784 345 974 387 xenoasanrs

304 495 433 566 cinunt
459 495 614 593 quaein
644 495 773 570 vetusti
804 493 968 566 carminis
993 491 1140 590 Orphici
1170 491 1361 590 fragmento

304 601 483 676 hahentur
509 601 532 640 ²⁶
558 630 566 674 :

475 775 588 857 πυμάτη
613 768 643 836 δὲ
677 767 764 852 βάσις
794 767 898 857 ystoriis
923 763 1020 834 ἔνδυθι
1044 763 1124 860 ῥίζαι

401 880 544 970 Τάρταρα
574 866 602 942 δ’
630 875 769 969 εὐρώεντα
795 879 844 941 καὶ
868 874 984 964 ἔσχατα
1005 881 1128 966 πείρατα
1153 880 1246 963 parire.

303 1053 377 1128 Nec
399 1061 523 1152 poetae
545 1069 703 1146 tantum,
717 1058 776 1128 sed
794 1058 899 1129 etiam
915 1053 1135 1154 philosophi,
1152 1079 1361 1152 quamquam

239 1215 245 1222 -
302 1161 431 1232 mundi
448 1163 594 1258 liguram
612 1161 715 1233 aliter
732 1164 979 1252 informarent,
1000 1163 1235 1259 praecipuum
1252 1173 1361 1230 tamen

296 1267 398 1338 'inter
421 1295 565 1366 corpora
587 1269 745 1342 coelestia
766 1269 885 1341 locum
908 1267 1087 1340 dederunt
1100 1267 1246 1357 telluri3
1263 1291 1362 1364 quam

302 1373 404 1445 Plato
434 1376 473 1446 in
502 1377 643 1447 Timaeo
672 1387 716 1468 ²7,
745 1377 961 1450 veteriorum
992 1374 1215 1472 physicorum
1246 1373 1362 1469 placita

302 1491 469 1571 sennim,
496 1481 653 1576 appellat
677 1492 791 1578 πρώτην
815 1489 865 1551 καὶ
887 1483 1088 1577 πρεσβυτάτην
1111 1487 1191 1549 θεῶν
1216 1479 1271 1549 ὅσα
1296 1478 1362 1558 ἐντὸς

302 1590 414 1683 ω’ρανοῦ
440 1601 587 1683 γεγόνασι.

351 1693 429 1763 Jam
453 1720 536 1766 vero
574 1695 612 1763 in
638 1693 731 1766 hanc
758 1707 872 1766 terrae
901 1695 1079 1791 marisque
1101 1691 1362 1789 descriptionem

302 1825 410 1898 quarn
426 1825 552 1896 parum
566 1813 738 1898 congruat
751 1801 1011 1874 elementorum
1025 1801 1132 1888 notio,
1149 1801 1261 1872 cuivis
1272 1821 1363 1895 appa·

302 1921 395 1999 reat,
421 1933 540 2006 neque
561 1911 766 1981 mirandum
777 1912 1019 1998 ‚recentiores
1035 1911 1100 2007 qui
1117 1909 1181 1980 hac
1198 1910 1363 2004 interpre-

302 2017 435 2087 tatione
461 2027 653 2086 uterentur
666 2041 794 2111 parum
811 2016 876 2087 sibi
894 2017 1103 2106 constitisse,
1122 2027 1158 2087 et
1171 2013 1274 2084 modo
1300 2023 1360 2083 ter·

243 2191 246 2199 ,
302 2143 380 2190 ram
407 2121 511 2190 modo
535 2132 666 2190 terram
688 2131 726 2190 et
742 2145 871 2216 aquam
897 2121 1108 2218 Xenoplrani
1133 2119 1358 2191 attribuisse:

302 2250 460 2324 quorum
479 2238 677 2323 utrumque
700 2229 833 2322 pariter
849 2229 927 2322 ejus
945 2230 1141 2302 sententiae
1153 2247 1359 2326 congruum,

301 2329 359 2408 vel
383 2333 499 2428 potius
529 2331 687 2404 alienum
714 2345 799 2406 erat.

351 2438 572 2510 Retulerunt
587 2444 694 2511 etiam
712 2439 879 2513 nonnulli
903 2441 949 2533 ²⁸,
972 2439 1183 2537 Xenophani
1203 2437 1362 2537 placuisse

302 2549 335 2630 ἐξ
359 2547 438 2642 ἀερὸς
469 2552 519 2615 καὶ
539 2553 622 2643 impis
652 2567 835 2642 συμπαγῆναι
860 2558 910 2632 τὴν
933 2567 1009 2642 γῆν,
1036 2546 1132 2644 quod
1156 2547 1290 2617 dictum
1312 2542 1357 2628 sl,

303 2663 347 2722 ut
376 2651 428 2722 illi
455 2651 703 2741 tradiderunt,
733 2656 781 2726 sic
809 2655 952 2750 proprie
982 2651 1232 2750 accipiendum
1258 2663 1359 2742 esset,

302 2769 435 2828 terram
458 2783 502 2828 ex
525 2759 614 2828 aeris
642 2759 804 2856 ignisque
825 2759 1011 2832 elementis
1035 2771 1239 2830 concretam
1260 2771 1295 2829 et
1312 2782 1359 2828 or-

303 2874 377 2932 tam
407 2887 502 2952 esse,
525 2889 717 2960 sanequam
740 2868 892 2962 maxime
917 2893 937 2936 a
959 2879 1031 2936 tota
1048 2868 1127 2957 ejus
1149 2867 1282 2935 ratione
1307 2862 1356 2934 ah

303 2968 439 3061 horret,
456 2981 493 3041 et
515 2969 709 3043 Xenocrati
723 2975 842 3068 potius
856 2997 966 3070 quam
982 2969 1192 3068 Xenophani
1207 2972 1361 3042 tribuen-

346 3223 409 3301 (26)
431 3222 537 3304 Orphei
563 3225 664 3304 fragm.
683 3227 743 3301 vl,
764 3248 806 3288 rs.
832 3230 871 3308 39
891 3247 931 3304 sq.
953 3247 981 3307 p.
1006 3223 1066 3305 458
1088 3225 1132 3286 ed.
1153 3227 1249 3285 Herm.
1268 3225 1362 3300 inquo

305 3315 427 3375 carmine
447 3315 525 3394 plura
546 3328 696 3374 occurrunt
716 3319 738 3375 si
758 3339 815 3375 non
839 3339 853 3375 a
872 3337 1005 3396 germano
1025 3317 1073 3376 illo
1094 3316 1207 3396 Orpheo
1228 3314 1361 3394 prolecta,

304 3416 397 3464 tamen
416 3425 450 3463 ex
471 3404 592 3484 Orphica
622 3405 739 3484 quadam
760 3407 805 3466 rel
835 3406 982 3486 theogonia
996 3407 1038 3468 vel
1055 3407 1234 3484 cosmogonia
1251 3403 1328 3461 ducta
1340 3409 1363 3455 et

302 3495 485 3576 perantiqua;
505 3495 591 3555 veluti
611 3517 706 3556 versus
725 3518 792 3575 quos
814 3510 947 3558 memorat
968 3497 1130 3557 Aristotcles
1149 3517 1171 3554 s.
1193 3507 1287 3553 auctor
1304 3489 1360 3546 libri

303 3583 339 3643 de
360 3583 469 3642 Mundo
495 3605 519 3642 c.
545 3605 570 3664 7·
604 3584 638 3642 T·
662 3586 695 3657 I,
723 3608 749 3667 p.
774 3585 835 3668 475
861 3589 891 3646 F.
917 3588 949 3645 ln
971 3587 1013 3645 his
1032 3600 1123 3644 autem
1146 3584 1273 3666 Orphicis
1293 3579 1364 3659 plura

302 3673 464 3732 ferebantur
488 3673 590 3753 placita
611 3674 727 3734 Homeri
753 3688 780 3734 et
805 3675 922 3737 Hesiodi
947 3675 1048 3736 fabulis
1076 3675 1185 3735 similia.
1209 3674 1247 3733 cl.
1274 3669 1307 3730 G.
1332 3665 1364 3724 H·

303 3763 380 3824 Bode
391 3809 399 3838 ,
420 3763 547 3844 Orpheus
566 3785 592 3844 p.
619 3763 684 3843 148.

342 3887 407 3970 (27)
428 3886 505 3948 Plato
521 3887 594 3948 Tim.
615 3909 644 3970 p.
669 3885 708 3965 40
735 3889 766 3949 c,
786 3889 831 3948 cr.
858 3888 955 3948 oar...
971 3889 1045 3950 nst.
1062 3887 1135 3948 rm.
1157 3885 1209 3948 xi.
1230 3908 1258 3968 p.
1281 3879 1318 3960 34
1331 3879 1363 3939 n.

346 4006 408 4090 (πθ)
428 4009 568 4072 Plutarch.
588 4011 660 4092 plac.
684 4010 757 4071 Phil.
777 4011 842 4084 111,
862 4033 892 4094 9.
915 4011 1013 4074 Galen.
1031 4011 1100 4074 ibid,
1122 4032 1147 4071 ο,
1167 4009 1252 4072 XXI,
