2924 4820
226 365 267 426 16
581 445 585 454 ,
609 381 656 428 on
679 379 893 428 sannarum

140 585 142 588 ·
220 543 372 618 ticorum
395 557 516 618 autem
533 543 784 644 rogatiunculis
794 541 965 618 celebrata
973 557 1026 616 est
1036 550 1292 644 argumentatio
1411 543 1414 550 ’

221 663 450 766 Ἀχιλλεὺς
473 664 579 758 dicta,
610 664 720 740 altera
739 665 825 740 item
850 661 1090 765 διχοτομῖα
1110 665 1291 765 appellata,

224 813 380 888 quarum
402 787 498 862 illam
519 785 761 880 Phavorinus,
800 785 891 860 hono
915 784 1130 888 Porphyrius
1148 789 1295 864 Parme-

226 912 302 986 niid
326 913 535 988 tribuerunt
558 911 692 990 auctori
712 919 768 1006 ³⁹5
800 925 991 1012 utramque
1014 925 1135 1014 tomen
1160 913 1294 986 Zenoni

220 1032 301 1132 jure
333 1033 579 1114 vindicandam
603 1057 697 1120 esse,
731 1033 922 1108 Aristotelis
945 1047 983 1110 et
1005 1033 1175 1135 Simplicii
1198 1035 1294 1108 testi·

220 1157 346 1232 moniis
369 1143 449 1232 satis
472 1154 663 1257 probatum
686 1168 760 1246 est,
784 1167 827 1228 ut
849 1152 934 1226 abbi
957 1153 1196 1232 ostendemus.
1227 1251 1228 1254 Ἴ

267 1278 479 1379 Conscripsit
503 1275 758 1378 philosophiam
777 1272 957 1368 versibus,
978 1273 1184 1376 exemplum
1195 1299 1296 1354 secu·

221 1413 280 1474 tus
316 1399 565 1499 Xenophanis,
606 1396 764 1489 Hesiodi,
807 1395 979 1490 aliorum,
1018 1399 1081 1498 qui
1115 1397 1297 1496 quondam

104 1505 107 1512 ¹
219 1519 434 1594 carminibus
469 1519 513 1593 de
536 1543 659 1594 rerum
683 1531 812 1594 natura
835 1532 872 1592 et
896 1516 1094 1618 cognitione
1118 1519 1296 1596 vaticinati

221 1655 322 1714 eraut
341 1650 401 1716 ⁴⁰.
451 1640 544 1714 Nom
566 1665 669 1738 prosa
692 1635 803 1714 oratio
827 1663 1048 1742 quamquam
1071 1663 1113 1714 eo
1136 1652 1296 1740 ternpore

220 1758 290 1856 jam
315 1755 539 1849 effloruisset,
566 1770 603 1830 et
626 1759 832 1869 praesertim
855 1759 893 1832 in
917 1755 1017 1831 Ionia
1040 1770 1113 1830 tam
1133 1783 1154 1829 a
1172 1782 1296 1832 rerum

218 1875 446 1976 scriptoribus
469 1901 580 1976 quam
603 1877 816 1979 pbilosophis
841 1881 1008 1979 usurpari
1031 1881 1219 1979 coepisset,
1245 1893 1296 1958 ta·

181 2029 182 2034 ¹
220 2025 306 2074 men
330 1997 493 2074 nondum
517 1997 604 2072 adeo
628 1999 853 2100 frequentato
877 2015 972 2094 erat,
999 2013 1044 2074 ut
1066 2001 1188 2100 poesin
1211 2027 1297 2076 ano·

220 2121 359 2194 toritate
383 2119 585 2216 superaret,
621 2144 742 2220 neque
765 2120 846 2194 saus
863 2119 1033 2214 exculta,
1063 2135 1106 2195 ut
1129 2123 1298 2200 severiori

105 2281 109 2291 ·
220 2240 430 2341 praesertim
464 2236 657 2312 disserendi
681 2252 718 2312 et
741 2238 1015 2338 argumentandi
1038 2241 1143 2316 modo
1165 2243 1300 2352 sptisla-

222 2375 328 2436 ceret.
361 2363 573 2454 Poetarum,
596 2361 788 2460 praecipue
811 2361 978 2457 Homeri,
999 2362 1148 2439 lectione
1168 2365 1300 2442 imbuti

221 2509 366 2584 usuque
386 2481 510 2576 edocti,
532 2481 664 2556 horum
687 2480 842 2582 linguam
866 2480 1030 2556 facillime
1043 2481 1299 2580 imitabantur,

221 2603 267 2678 ob
290 2601 343 2676 his
368 2628 491 2678 rerum
515 2603 673 2694 nomina,
697 2599 880 2702 imagines,
896 2601 1066 2678 dictiones
1082 2605 1299 2682 mutuaban-

221 2739 284 2800 tur
307 2737 368 2822 ⁴13
399 2725 625 2802 assumebant
647 2727 853 2826 praesertim
875 2751 1066 2820 numeros,
1093 2741 1137 2802 ut
1166 2729 1299 2806 horum

102 2883 108 2894 ·
221 2847 436 2922 concinnitas
468 2845 660 2920 disserendi
694 2848 905 2923 tenuitatem
938 2863 975 2923 et
997 2849 1184 2926 infantiam
1208 2880 1300 2954 quo-

221 2967 406 3042 dammodo
429 2979 564 3066 tegeret
579 2981 617 3042 et
635 2982 887 3066 compensaret.
918 2969 1119 3065 Caeterum,
1144 2975 1300 3073 exceptis

220 3090 399 3182 numeris,
421 3088 644 3164 Parmenidis
667 3091 859 3164 orationem
879 3091 1014 3189 pottioo
1029 3106 1218 3182 ornatuet
1233 3093 1300 3168 ele

185 3203 187 3206 ’
219 3212 336 3314 gantis
365 3236 480 3312 poene
507 3209 644 3285 nudam
675 3213 808 3304 fuisse,
834 3211 941 3287 etiam
974 3231 1111 3290 veteres
1141 3215 1308 3290 animet-¹

218 3349 417 3418 verteramt.
448 3334 595 3410 Proclus
615 3335 693 3437 ejus
712 3336 835 3436 stilum
855 3333 906 3411 sic
930 3338 1112 3414 describit:
1145 3348 1188 3416 ‘0
1206 3351 1300 3438 nap-

217 3452 346 3550 μενίδης
367 3451 400 3531 ἓν
421 3458 464 3554 τῇ
484 3453 623 3550 ποιήσει,
647 3459 754 3532 καίτοι
776 3456 825 3534 clr’
844 3461 924 3540 αὐτὸ
946 3457 1052 3552 δήπου
1076 3462 1116 3538 rb
1128 3463 1299 3553 'termetis

246 3647 308 3717 (39)
328 3645 489 3700 Pbaroriuus
504 3647 574 3718 apud
594 3647 725 3701 iserdum
746 3651 803 3709 lx,
824 3649 872 3714 233
895 3650 935 3704 tf.
953 3651 1084 3722 Meuagius
1103 3654 1223 3711 obscur.
1241 3659 1265 3709 h.
1282 3660 1298 3712 Ι.

216 3738 376 3810 Porphyrius
396 3737 467 3808 apud
489 3737 646 3808 Simplicium
664 3737 738 3806 Phys.
759 3739 828 3794 tto.

249 3828 310 3910 (do)
327 3826 482 3880 Plutarchus
502 3827 535 3882 de
556 3827 631 3896 Pytln
655 3829 728 3883 Orac.
748 3831 1002 3899 p.doa.(Vol.v11‚
1019 3849 1044 3903 p.
1056 3832 1105 3900 503
1116 3835 1158 3904 lt)
1173 3835 1298 3906 Diogene,

215 3913 243 3966 L
263 3917 318 3980 tx,
337 3931 376 3970 an.
394 3915 485 3990 scidas
502 3919 596 3989 Παρρ.
1245 3927 1250 3936 ’

246 4005 304 4074 (tr)
327 4007 448 4062 Indicant
464 4013 514 4064 hoc
534 4011 640 4082 plurimi
658 4011 724 4070 loci,
745 4009 839 4082 qulbus
855 4007 1020 4069 Parmenides
1038 4013 1200 4072 Homericam
1221 4019 1296 4088 dicti-

213 4109 291 4148 onem
309 4102 448 4166 expressit.
467 4112 532 4170 quot
548 4102 643 4172 purim
665 4101 810 4156 notavimus
831 4102 858 4154 iu
878 4105 1075 4158 Commentario,
