2924 4820
517 401 733 445 ruinosornm.
1098 383 1161 453 175

139 550 260 644 Quum
280 563 403 624 autem
426 575 525 625 mare
545 553 660 624 omnis
683 553 818 626 fontem
834 553 994 626 humoris
1011 552 1158 646 dixerit,

93 658 270 756 probabile
287 661 477 751 videatur,
504 661 548 733 ad
573 653 731 734 eundem
757 663 938 759 pertinere
956 664 1161 762 opinionem
1216 651 1219 660 ¹

10 763 12 786 ²
93 765 209 854 illam,
230 767 381 839 flumina
406 791 552 864 quoque
571 793 592 840 e
610 769 700 839 mari
718 769 859 842 duxisse
882 771 1066 869 originem.
1087 773 1162 844 Etsi

92 874 184 944 enim
214 899 286 944 non
320 875 541 946 nominatim,
560 873 615 945 illi
641 874 752 947 hoca
779 875 960 948 veteribus
981 877 1162 949 tributum

91 972 153 1062 sit,
179 983 299 1044 tamen
311 973 361 1043 ita
387 970 583 1043 nonnullos
606 973 788 1070 quondam
808 987 949 1071 putasse
973 975 1039 1071 qui
1064 1001 1162 1049 mare

90 1077 244 1149 omniurn
279 1101 459 1175 aquarum
492 1079 629 1150 iontem
659 1079 844 1172 dicerent,
876 1079 1041 1176 perhibet
1066 1081 1163 1152 Aris-

90 1181 210 1256 toteles
231 1181 257 1219 ⁸³
282 1187 457 1282 :Propter
479 1185 608 1276 maris,
634 1186 779 1283 inquit,
805 1186 1005 1260 vastitatem
1033 1189 1162 1260 reteri
1248 1179 1250 1184 ¹

89 1285 154 1358 bus
183 1300 261 1385 ἀρχὴ
292 1307 348 1360 τῶν
376 1299 468 1388 ὑγρῶν
497 1291 596 1374 ἔδοξεν
626 1289 700 1360 εἶναι
736 1297 853 1362 καὶτοῦ
883 1299 986 1371 παντὸς
1016 1291 1115 1371 ὕδατος
1145 1305 1164 1376 ἡ

88 1399 244 1468 θάλαττα·
271 1401 385 1468 διὸκαὶ
411 1405 470 1477 ταὶς
491 1400 616 1491 sorapis
637 1401 665 1469 ori
689 1409 770 1492 padam
793 1409 832 1478 εἰς
858 1408 987 1488 ruitur,
1014 1404 1092 1472 ἀλλὰ
1117 1407 1166 1471 καὶ

88 1505 118 1568 ia
142 1509 248 1584 ταύτης
272 1513 345 1602 φασί
366 1531 440 1583 τινες
466 1503 538 1602 ῥεῖν.
565 1505 666 1577 Idem
690 1504 735 1576 ab
758 1504 835 1576 aliis
857 1505 927 1577 alio
949 1506 1054 1576 modo
1078 1533 1165 1605 pro-

86 1605 209 1680 batum
235 1623 310 1702 est,
338 1612 403 1708 qui
431 1611 477 1684 de
504 1609 702 1683 fluminum
732 1611 868 1709 origine
899 1612 947 1684 sic
982 1614 1164 1686 existima-

87 1713 229 1788 bamb:
254 1722 287 1785 τὸ
309 1722 444 1810 ἅναχθὲν
469 1723 667 1799 indocibiles
688 1719 766 1814 ὕδωρ
791 1723 879 1791 πάλιν
902 1728 1033 1812 ὑόμενον,
1057 1727 1164 1817 ἀθροι-

87 1826 158 1890 σθὲν
175 1827 229 1893 ὑπὸ
255 1841 335 1917 γῆν,
361 1821 423 1921 ῥεῖν
457 1830 489 1893 ἐκ
513 1827 618 1902 κοιλίαις
648 1828 801 1918 μεγάλης,
827 1823 847 1900 ἦ
876 1836 987 1903 πάντας
1019 1831 1051 1895 ἐκ
1069 1845 1162 1918 μιᾶς,

10 1929 11 1932 ’
85 1927 103 2009 ἦ
139 1927 232 1999 ἄλλον
263 1931 368 2012 ἄλλης.
399 1929 544 2028 Duplex
571 1955 655 2028 ergo
684 1931 755 2001 suit
780 1930 900 2026 opinio
933 1957 940 2001 :
968 1929 1029 2001 alii
1056 1933 1164 2004 maris

87 2059 214 2133 aquam
246 2035 479 2109 foraminibus
515 2035 756 2108 subterraneis
789 2037 948 2127 intrare,
977 2049 1086 2135 atque
1114 2039 1164 2110 ita

10 2223 11 2230 ἵ
87 2143 326 2240 percolatum,
354 2146 477 2217 amissa
521 2145 784 2235 amaritudine,
817 2142 1013 2217 fluviorum
1050 2147 1165 2219 fontes

90 2249 228 2326 efficere
263 2251 472 2352 putabant3
501 2251 589 2342 alii,
621 2251 830 2324 cadentibus
862 2250 1026 2348 pluviis,
1055 2280 1165 2352 aquas

86 2360 120 2429 in
162 2373 281 2433 terrae
310 2361 469 2434 cavernis
507 2359 646 2459 colligi,
675 2359 774 2431 unde
802 2359 919 2431 fontes
954 2372 991 2432 et
1013 2359 1164 2433 flumina

86 2479 271 2540 scaterent.
296 2467 371 2538 Hae
396 2467 580 2564 opiniones
606 2491 690 2538 cum
721 2463 798 2536 aliis
824 2477 989 2538 veterum
1019 2465 1164 2564 placue-

84 2587 191 2663 runt,
211 2586 301 2646 tum
316 2575 424 2646 etiam
443 2572 702 2645 Anaximandri
722 2585 758 2644 et
775 2571 1004 2668 Xenophanis
1021 2587 1164 2645 senten·
1202 2669 1203 2672 Ἴ

85 2679 152 2752 tiae
166 2680 213 2752 de
228 2680 337 2753 rebus
353 2679 579 2753 naturalibus
603 2667 737 2777 optime
760 2679 930 2754 videntur
952 2705 1161 2779 congruere.

85 2785 122 2857 Id
147 2797 284 2880 tamen,
312 2789 342 2858 si
367 2786 573 2884 conjectura
600 2787 744 2858 sortasse
770 2786 814 2857 sit
836 2785 1040 2884 probabile,
1068 2787 1165 2859 anti-

85 2917 241 2990 quorum
254 2894 465 2967 auctoritate
479 2893 645 2966 affirmari
657 2919 731 2966 non
744 2901 869 2992 potest.

587 3252 659 3336 μ

132 3535 236 3607 Inter
259 3533 487 3633 Xenophauis
512 3533 642 3633 placita
666 3533 774 3608 etiam
795 3533 862 3606 hoc
887 3533 1026 3624 fertur,
1047 3533 1167 3604 infini-

86 3651 137 3712 tos
167 3641 323 3713 mundos
352 3667 449 3734 esse,
476 3643 574 3741 quod
603 3667 648 3716 ex
677 3643 757 3736 ejus
782 3641 959 3713 sententia
990 3637 1167 3712 difficilius

87 3761 138 3820 est
166 3747 359 3847 explicatu.
383 3749 457 3844 Qui
483 3750 581 3825 enim
604 3749 776 3824 tellurem
802 3747 1023 3846 principium
1052 3746 1167 3820 omnis

126 3990 193 4070 (83)
213 3991 331 4052 Meteor.
350 3993 399 4069 ll,
423 4015 449 4054 a.
471 4016 501 4076 p.
521 3993 580 4077 [pap
602 3993 635 4055 E.
723 4029 725 4032 ·

126 4095 746 4198 Qmmmpma''
