2942 4830
528 429 774 478 rmnosormt.
1124 413 1188 476 219
1276 461 1279 469 .

115 598 271 672 studiose
319 599 506 696 arsur-parit
543 594 790 688 Parmenides,
826 594 918 675 hauc
948 595 1024 668 leae
1053 595 1188 668 omisit:

115 719 222 818 cujus
241 718 447 817 exemplum
470 731 660 818 sequentes
690 717 836 791 Eleatici
852 715 983 788 imitati
1015 713 1190 790 subtiliter

113 839 264 940 quidem
284 839 649 939 singula‘ffiscerncrc
674 839 924 928 inminuerunt,
948 835 1009 910 sed
1041 835 1106 910 hac
1132 837 1193 909 di·-

113 961 326 1060 stinguendi
350 960 542 1035 subtilitate
568 983 610 1036 eo
639 983 862 1058 pervenere,
886 971 931 1031 ut
949 959 1068 1031 omnia
1089 959 1191 1057 quasi
1276 1061 1280 1069 .

112 1079 345 1174 dissecarent,
373 1083 553 1181 integrum
576 1078 665 1152 nihil
688 1079 955 1180 relinquerent,
976 1091 1084 1178 atque
1106 1078 1192 1150 adeo

113 1204 330 1278 universum
353 1201 398 1277 ab
419 1204 589 1278 universo
609 1199 818 1278 divellerent
846 1198 923 1275 ¹⁶⁹.

165 1561 397 1638 Parmenides
426 1589 446 1636 a
477 1563 601 1639 multis
629 1492 791 1640 idearum
823 1589 952 1665 parens
975 1561 1130 1636 creditru
1155 1575 1193 1636 et

114 1683 316 1759 celebratus
350 1688 414 1758 est.
481 1686 529 1758 Et
559 1711 644 1760 sane
672 1685 889 1786 philosophia
922 1683 1000 1784 ejus
1037 1684 1194 1760 continet
1302 1714 1308 1734 =

115 1806 233 1898 initia,
261 1830 283 1878 e
314 1803 447 1905 quihus
473 1805 634 1882 idearum
657 1806 814 1880 doctrina
831 1799 1003 1882 *excrevit
1048 1806 1193 1880 Etenim

115 1951 183 2000 ens
199 1927 318 2026 ipsum
343 1953 418 2024 per
430 1954 469 2002 se
489 1952 627 2030 suaque
646 1929 758 2002 forma
783 1925 971 2027 allingetis,
988 1925 1194 2025 exemplum
1294 1973 1303 2012 ς

115 2050 322 2147 proposuit,
345 2048 390 2121 ad
411 2048 516 2148 cujus
538 2047 807 2124 similitudinem
832 2047 933 2122 ideae
953 2047 1196 2146 exprimeren-

117 2183 192 2242 tur.
244 2169 411 2242 Attamen
445 2169 609 2245 idearum
641 2171 838 2245 doctrinam
866 2167 1093 2244 Parmenides
1111 2181 1194 2241 tau-

118 2305 199 2364 tum
211 2289 390 2366 inchoavit
400 2345 410 2384 ,
422 2307 605 2365 auxerunt
622 2317 700 2366 earn
719 2306 756 2366 et
772 2291 1004 2390 perfecerunt
1014 2290 1194 2381 Socratici,
1285 2379 1290 2387 ἱ

117 2412 310 2511 praecipue
332 2409 441 2486 Plato.
492 2411 558 2486 Ille
576 2413 695 2511 ipsum
719 2415 757 2488 al
779 2413 976 2490 intantum
995 2409 1194 2483 musidera·

117 2534 192 2624 rit,
217 2545 253 2606 et
272 2533 374 2632 quasi
391 2531 542 2606 formam
561 2535 716 2605 veritatis
733 2531 968 2607 adumbrarit.
1006 2530 1050 2602 Hi
1073 2543 1195 2604 autem

119 2654 230 2755 quid
262 2655 307 2726 sit
331 2655 370 2730 τὸ
396 2657 444 2731 i'v.
479 2656 517 2727 in
538 2681 612 2754 quo
640 2655 750 2752 posita
773 2656 819 2728 ait
837 2653 985 2743 veritas,
1009 2651 1196 2752 quaesive-

119 2789 232 2870 runt,
251 2789 304 2848 ¹ut
326 2774 512 2867 Euclides,
536 2777 727 2874 sapientiae
753 2791 791 2850 et
811 2774 1000 2849 honestatis
1022 2785 1198 2873 praestan·

118 2899 205 2969 tiam
231 2923 251 2968 a
280 2897 420 2970 Socrate
450 2896 618 2988 edoctus,
644 2898 682 2970 in
704 2896 760 2972 his
786 2897 868 2998 ipsis
896 2923 959 2971 ens
982 2895 1115 2995 posuit,
1136 2921 1196 2968 sa-

120 3017 292 3116 pientiam
313 3015 371 3092 vel
389 3015 608 3092 honestatem
628 3044 764 3092 unum
783 3043 879 3092 esse
896 3019 1014 3092 dicens
1036 3015 1197 3099 acetaria

122 3136 230 3210 rebus
250 3151 444 3230 secretum,
456 3136 566 3239 idque
584 3139 749 3215 divinum
761 3139 954 3237 ipsumque
965 3139 1083 3210 Deum
1101 3159 1198 3233 prae

122 3256 234 3352 dicat3
252 3283 347 3358 quae
365 3272 485 3332 autem
508 3261 681 3332 contraria
703 3257 767 3350 his,
784 3283 868 3330 non
891 3282 983 3330 esse
1007 3255 1091 3328 dicit
1115 3263 1194 3330 ¹⁷⁰.

123 3377 175 3450 Ita
209 3377 268 3450 hic
300 3378 520 3452 Parmenidis
548 3377 719 3477 placitum
746 3378 914 3450 socratica
939 3379 1075 3451 ratione
1098 3379 1198 3452 ausit

123 3515 159 3572 et
176 3501 279 3601 quasi
303 3498 550 3574 corroborarit.
576 3501 729 3574 Maxime
748 3523 832 3573 vero
859 3498 1030 3598 explicuit
1058 3513 1095 3571 et
1111 3497 1199 3571 illu-

124 3623 245 3694 stravit
266 3619 383 3714 Plato,
407 3622 472 3721 qui
496 3621 716 3696 Parmenidis
738 3621 901 3722 exemplo
925 3648 1052 3696 verum
1072 3623 1199 3723 appel-

156 3809 230 3879 (169)
263 3813 293 3863 In
321 3811 393 3882 quod
419 3820 565 3878 congruunt
581 3811 694 3865 Platonis
710 3813 791 3867 rerba
808 3815 886 3884 Soph.
901 3831 927 3884 p.
945 3813 993 3884 ²59
1012 3817 1047 3868 ll:
1069 3817 1116 3868 aral
1133 3816 1201 3884 γάρ,

127 3887 237 3970 alredi,
250 3904 282 3956 τό
299 3925 333 3970 ys
350 3909 415 3958 πᾶν
432 3907 495 3958 ἀπὸ
513 3907 642 3964 παντὸς
659 3907 812 3976 ἐπιχειρεῖν
830 3907 1032 3976 ὀποχυρίζειν.
1045 3943 1051 3958 .
1063 3941 1071 3959 .
1082 3908 1201 3976 ἀμούσου

127 3991 199 4046 τινὸς
218 3989 267 4039 acl
283 3989 459 4054 dpslaodocv·

158 4077 231 4154 (370)
253 4079 388 4166 ¹Diogenes
405 4081 432 4135 1.
443 4082 479 4144 ll,
502 4079 547 4133 rod
565 4096 602 4146 sq.
619 4077 747 4149 Ellopia
765 4079 798 4133 de
809 4081 996 4148 Megaricorum
1006 4082 1092 4137 doctr.
1110 4085 1202 4146 (Boon

133 4167 204 4232 1827)
219 4183 245 4236 p.
265 4167 296 4221 ad
319 4187 357 4240 aq.
