2870 4824
289 331 336 398 44
571 399 578 416 ,
734 350 926 394 xsroraarus

289 503 492 576 Postremus
508 526 631 578 versus
649 526 741 574 num
759 528 779 574 a
797 497 1025 598 Xenophane
1041 495 1179 574 diverso
1193 493 1272 568 loco
1290 495 1367 568 lue-

289 611 337 682 rit
361 611 556 709 repetitus,
581 607 742 681 dubitari
764 607 871 700 licet3
896 603 1117 705 probabilius
1139 615 1236 676 esta
1261 603 1366 674 serio

287 716 411 809 ribus,
429 717 495 815 qui
515 714 671 814 singulos
693 715 910 810 ejus'versus
925 723 963 784 et
978 710 1171 783 sententias
1194 709 1367 802 citarent,

289 824 479 897 contusum
495 848 569 897 esse
586 847 712 895 eorum
738 821 912 896 ordinem.
932 819 1059 918 Itaque
1076 828 1217 916 possent
1232 815 1274 888 hi
1292 838 1366 894 ver-

288 953 349 1003 sus
369 929 437 1003 hoc
462 929 567 1004 modo
590 930 788 1029 conjungi:

385 1139 492 1205 Πάντα
517 1141 597 1212 θεοῖς
619 1139 771 1214 ἀνέθηκαν
782 1115 915 1228 Ὅμηρος
928 1123 963 1200 θ’
988 1128 1113 1206 Ἡσίοδός
1138 1155 1170 1197 τε

385 1241 461 1313 ἕσσα
484 1237 557 1338 παρ’
579 1247 774 1338 ἀνθρώποισιν
797 1242 903 1311 ὀνείδεα
930 1243 980 1308 καὶ
1005 1244 1088 1332 ψόγος
1106 1239 1177 1328 ἐςῖ,

386 1353 437 1416 καὶ
451 1341 563 1418 πλεῖστ’
584 1350 764 1445 ἐφθέγξαντο
787 1353 866 1416 θεῶν
892 1352 1038 1439 ἁθεμιξια
1060 1342 1158 1440 ἔργα,

385 1456 538 1547 κλέπτειν,
558 1460 700 1548 μοιχεύειν
725 1482 757 1525 το
782 1459 832 1524 καὶ
854 1456 992 1535 thalos
1018 1456 1181 1524 ἀποτείνειν.

285 1647 404 1720 Lectio
429 1657 453 1719 οἱ
480 1641 576 1733 alet?
611 1651 795 1748 ἐφθέγξαντο
821 1647 994 1747 Stephani
1017 1657 1092 1740 est,
1126 1645 1166 1717 in
1189 1644 1298 1718 Sexto
1316 1641 1362 1716 le·

285 1752 438 1851 gebatur
476 1768 597 1829 contra
639 1763 822 1848 metrum,
858 1758 890 1834 ὂς
929 1759 1040 1839 ascafa
1075 1756 1263 1852 ἐφθέγξατο,
1302 1749 1363 1824 ubi

284 1861 464 1936 Fabricius
488 1864 664 1957 correxit,
686 1876 725 1944 ὡς
746 1858 843 1948 arleti
860 1867 1048 1962 ἐφθέγξαντο.

334 2000 497 2100 Apparet
518 2029 564 2076 ex
586 2002 641 2075 his
662 2002 826 2076 versibus
846 2001 1110 2098 Xenophanem
1125 1999 1165 2070 in
1181 1995 1362 2096 carpendis

283 2109 433 2182 Homeri
448 2121 486 2184 et
507 2109 652 2183 Hesiodi
673 2109 804 2183 fabulis
823 2134 896 2181 non
916 2109 1036 2181 lenem
1061 2107 1191 2198 fuisse,
1213 2131 1282 2178 nec
1299 2105 1360 2176 im-

282 2223 413 2294 merito
425 2249 445 2293 a
458 2223 605 2296 Timone
620 2221 830 2321 Ὀμηραποὶτης
843 2228 1017 2304 ε’πισκὼπΊην
1035 2221 1185 2313 dictum,
1202 2219 1360 2316 utsupra

283 2353 320 2426 p.
345 2325 390 2398 16
405 2329 692 2404 memoravimus.
711 2329 813 2400 Idem
834 2353 918 2404 vero
937 2325 1195 2426 plerorumque
1213 2323 1359 2424 philoso-

282 2431 440 2532 phorum
458 2447 495 2508 et
512 2435 700 2508 doctorum
711 2435 777 2509 hac
793 2436 839 2508 de
852 2461 891 2508 re
906 2435 1165 2531 fuitjudicium
1177 2489 1188 2525 ,
1201 2433 1360 2531 inprimis

282 2539 456 2633 Platonis,
472 2543 538 2639 qui
554 2541 616 2614 has
639 2540 777 2614 fabulas
791 2539 918 2640 procul
937 2567 956 2611 a
969 2565 1033 2613 sua
1047 2541 1189 2614 civitate
1203 2537 1359 2637 repellit,

282 2646 399 2720 multa
418 2673 635 2722 enumerans
658 2674 732 2720 non
750 2649 870 2721 minus
885 2649 960 2720 Diis
975 2647 1144 2744 indigna,
1161 2673 1273 2745 quam
1290 2671 1359 2717 mo·

281 2751 382 2826 ribus
409 2753 544 2830 civium
576 2755 802 2852 perniciosa,
830 2779 925 2853 quae
960 2755 1000 2825 in
1027 2755 1069 2826 iis
1096 2753 1357 2851 praedicantur.

281 2856 386 2930 Polit.
411 2859 465 2951 ΙΙ,
485 2884 521 2958 p.
540 2858 628 2960 377,
646 2885 721 2959 sqq.
747 2861 791 2933 cf.
818 2862 946 2934 Sextus
968 2861 1074 2958 Emp.
1100 2859 1138 2931 ll.
1161 2887 1211 2933 cc.
1233 2861 1358 2933 Teren·

264 3007 267 3016 ·
283 2965 357 3038 tius
376 2965 488 3037 Varro
508 2967 547 3037 in
571 2967 707 3065 Fragm.
729 2967 766 3038 T.
780 2968 814 3060 I,
832 2993 867 3064 p.
885 2966 969 3059 214.
994 2968 1073 3064 Bip.
1099 2965 1356 3064 ita'loquitur:

286 3069 495 3143 «Primum
530 3072 628 3171 quod
663 3071 738 3144 dixi
771 3099 885 3172 genus
917 3071 1113 3170 theologiae
1140 3074 1358 3172 mythicum,

282 3203 305 3251 ν
331 3179 371 3250 in
406 3203 449 3251 eo
476 3193 563 3252 sunt
594 3179 710 3252 multa
740 3193 863 3254 contra
892 3181 1103 3280 dignitatem
1129 3193 1166 3254 et
1193 3193 1359 3254 naturam

282 3309 304 3356 >r
331 3283 587 3360 immortalium
611 3288 692 3359 ficta
712 3313 719 3359 :
738 3287 777 3358 in
793 3287 860 3360 hoc
878 3289 976 3360 enim
999 3299 1071 3379 est,
1098 3297 1142 3360 ut
1157 3285 1255 3359 Deus
1271 3285 1359 3358 alius

281 3415 304 3464 ν
332 3416 376 3464 ex
402 3393 518 3490 capite
551 3391 643 3466 alius
668 3417 714 3466 ex
741 3394 876 3468 femore
894 3395 940 3465 sit
971 3393 1062 3466 alius
1086 3419 1130 3466 ex
1155 3397 1266 3492 guttis
1283 3417 1358 3464 san-

280 3523 303 3571 »
330 3497 450 3598 guinis
474 3511 606 3593 natus3
630 3500 670 3571 in
691 3499 774 3592 hcc,
801 3514 845 3572 ut
868 3500 927 3572 Dii
954 3501 1064 3573 furati
1090 3501 1173 3594 sint,
1190 3513 1234 3574 ut
1259 3496 1359 3572 adul-

280 3630 303 3678 ν
331 3607 552 3700 teraverint,
577 3618 621 3679 ut
648 3607 835 3682 servierint
862 3606 1021 3701 homini3
1044 3607 1202 3706 denique
1231 3608 1270 3678 in
1294 3605 1358 3677 hoc

278 3736 302 3784 u
329 3717 448 3785 omnia
466 3713 541 3786 Diis
562 3711 837 3807 attribuuntur,
856 3736 950 3812 quae
969 3739 1043 3786 non
1060 3715 1164 3788 modo
1186 3715 1225 3786 in
1245 3711 1357 3788 homi-

281 3843 304 3889 u
332 3843 416 3890 nem
435 3819 498 3893 sed
517 3821 625 3892 etiam
640 3821 680 3892 in
697 3822 1016 3894 contemtissimum
1032 3821 1216 3895 hominem
1233 3819 1356 3894 cadere

279 3947 302 3994 ν
330 3938 516 4020 possunt.»
531 3925 633 4020 Quae
649 3951 792 4024 prorsus
810 3927 1007 4001 concinunt
1024 3952 1109 4000 cum
1125 3927 1352 4026 Xenophane.

281 4029 413 4104 Iisdem
449 4035 669 4131 argumentis
696 4033 885 4108 Christiani
900 4034 1085 4132 scriptores
1117 4036 1173 4107 usi
1203 4027 1353 4108 suntad
