2870 4824
284 344 330 410 28
735 365 929 409 senonensis

284 517 439 592 aliorum
455 516 666 592 testimoniis
685 529 724 590 et
744 517 837 590 fama
854 515 1017 590 retulisse
1033 542 1041 587 :
1056 537 1214 614 quorum
1231 514 1370 614 singula

283 622 362 710 loca
384 625 424 696 in
447 623 665 723 explicandis
691 627 771 719 ejus
793 623 1002 722 fragmentis
1027 633 1064 694 et
1084 621 1222 720 placitis
1245 623 1370 720 expri-

281 732 414 806 menda
440 744 549 827 sunt,
578 756 679 806 nunc
704 733 914 830 praecipuos
938 741 1100 812 auctores
1123 730 1281 807 breviter
1306 755 1369 801 no

282 837 451 914 tabimus.

331 947 472 1018 Horum
501 944 738 1044 antiquissimi
764 957 802 1018 et
827 945 1022 1046 gravissimi
1049 955 1136 1018 sunt
1162 945 1371 1016 Aristotcles

282 1064 319 1125 et
351 1057 636 1148 Theophrastus,
660 1077 750 1151 quos
772 1053 811 1123 in
838 1051 1048 1150 explicanda
1071 1051 1170 1124 illius
1192 1051 1370 1124 sententia

281 1181 327 1230 ex
351 1159 428 1255 ipso
453 1159 551 1230 fonte
575 1160 731 1231 hausisse
749 1184 877 1245 nemo,
906 1161 972 1256 qui
990 1157 1212 1256 diligentiam
1242 1182 1371 1228 eorum

280 1265 464 1361 cognorit,
494 1264 597 1338 facile
623 1264 794 1358 dubitet,
818 1292 858 1337 ac
885 1267 954 1335 nisi
983 1265 1167 1362 integrum
1193 1261 1371 1334 haberent

280 1395 451 1462 carmen,
479 1370 577 1468 quod
609 1383 761 1442 nonest
789 1365 999 1468 probabile,
1030 1370 1130 1442 haud
1155 1382 1277 1441 tamen
1301 1369 1369 1440 du·

281 1474 385 1548 bium
416 1489 493 1567 est,
519 1479 611 1575 quin
637 1476 746 1549 multi
772 1479 880 1551 etiam
908 1491 990 1550 tum
1020 1488 1248 1576 superessent
1271 1473 1371 1546 illius

280 1608 426 1678 versus,
453 1583 642 1657 doctorum
664 1585 855 1657 hominum
880 1597 955 1656 tam
984 1584 1226 1658 Eleaticorum
1258 1607 1371 1681 quam

232 1721 236 1732 ·
282 1688 455 1783 aliorum,
470 1689 535 1788 qui
549 1688 656 1762 illum
670 1689 842 1763 aemulati
855 1705 994 1784 essent,
1016 1705 1058 1764 ut
1074 1696 1262 1780 Heracliti,
1284 1693 1371 1758 Em-

277 1799 443 1893 pedoclis,
468 1799 639 1870 memoria
656 1800 788 1896 proditi
812 1797 848 1871 ⁶⁰.
878 1799 996 1872 Ambo
1019 1814 1142 1872 autem
1171 1796 1225 1868 illi
1251 1819 1371 1894 quum

280 1905 320 2004 in
344 1904 554 2003 explicanda
573 1916 743 1980 veterum
756 1909 935 1979 sententia
952 1909 1067 1980 rarius
1082 1909 1241 2004 ipsorum
1260 1903 1371 1978 verba

279 2009 430 2085 laudare
455 2012 611 2104 soleant,
638 2014 774 2084 factum
797 2025 916 2084 estut
940 2039 1066 2085 eorum
1080 2012 1220 2111 scriptis
1240 2009 1371 2108 placita

280 2121 516 2216 antiquorum
539 2119 739 2216 permulta,
760 2119 956 2192 dictavero
976 2145 1050 2192 non
1068 2121 1136 2191 nisi
1158 2145 1270 2217 pauca
1300 2121 1371 2191 sint

278 2227 474 2299 memoriae
505 2226 656 2323 prodita.
681 2226 744 2296 His
767 2226 920 2323 proximi
951 2239 1038 2300 sunt
1074 2227 1248 2325 Sceptici,
1274 2227 1371 2300 docti

279 2332 355 2404 fere
376 2331 537 2403 homines
560 2343 597 2404 et
617 2330 826 2429 diligentes,
851 2333 947 2405 inter
968 2359 1058 2431 quos
1078 2335 1271 2431 praecipue
1291 2361 1371 2407 me-

277 2439 473 2512 morandus
505 2444 603 2511 Timo
627 2437 690 2511 illc
717 2445 918 2532 Phliasius,
940 2441 1135 2514 Ptolemaei
1158 2456 1202 2512 τοῦ
1227 2443 1370 2540 φιλαδέλ-

279 2541 328 2648 'pos
351 2545 575 2644 aequalis(a.
603 2545 685 2616 Chr.
705 2544 829 2643 spo),
845 2547 910 2644 qui
932 2547 1162 2645 Xenophanis
1181 2573 1371 2645 personam

279 2655 319 2726 in
346 2653 504 2724 carmine
531 2651 676 2723 induxit
700 2651 746 2724 de
768 2650 991 2749 philosophia
1013 2653 1257 2726 disserentem.
1273 2653 1370 2727 Huic

220 2817 223 2824 .
278 2761 319 2832 in
333 2757 581 2856 cognoscendis
598 2756 696 2842 illius
720 2755 857 2855 placitis
880 2760 1102 2856 antiquitatis
1118 2758 1274 2832 subsidia
1296 2786 1372 2833 non

279 2864 389 2965 plane
400 2865 586 2955 defecisse,
605 2864 665 2938 sed
678 2861 801 2961 plures
818 2865 936 2938 adhuc
952 2867 1182 2964 Xenophanis
1198 2865 1371 2965 reliquias

279 2972 520 3070 superfuisse,
546 2973 627 3042 satis
653 2969 838 3068 probabile
867 2985 929 3044 est.
960 2975 1014 3045 Ex
1038 2974 1171 3046 horum
1201 2972 1369 3046 aliorum·
1426 2997 1427 3000 ’

188 3125 190 3130 .
280 3104 377 3178 que,
399 3079 464 3175 qui
489 3077 544 3150 his
568 3089 684 3151 aetate
708 3078 863 3175 proximi
888 3078 1065 3171 fuerunt,
1090 3081 1228 3177 scriptis
1251 3079 1369 3178 plera-

280 3210 354 3283 que
366 3181 509 3257 fluxisse
523 3183 715 3277 videntur,
742 3211 837 3282 quae
852 3186 1107 3282 posterioribus
1122 3187 1167 3260 de
1181 3186 1244 3259 illo
1262 3189 1370 3261 inno-

280 3302 445 3363 tuerunt.
464 3291 553 3362 Nam
568 3292 634 3389 qui
652 3303 730 3388 post
750 3290 829 3362 illos
846 3292 891 3363 de
907 3291 1128 3391 Xenophane
1144 3295 1373 3369 mentionem

278 3397 465 3488 fecerunt,
495 3402 630 3489 Cicero,
651 3409 688 3470 et
702 3399 767 3496 qui
781 3397 907 3470 eodem
922 3399 997 3473 fere
1019 3413 1180 3498 tempore
1197 3401 1287 3475 vixit
1302 3406 1371 3472 Ni·

281 3510 397 3578 colam
421 3501 681 3597 Damasecn'ue,
709 3503 968 3603 Peripateticus
986 3504 1029 3598 ⁶¹,
1063 3519 1100 3580 et
1120 3508 1185 3606 qui
1203 3519 1282 3605 post
1297 3506 1371 3580 ali-

321 3724 387 3806 (60)
409 3729 566 3787 Heracliti
591 3727 761 3786 mentionem
779 3745 865 3814 supra
885 3725 1008 3788 vidimus
1028 3739 1087 3788 not.
1103 3726 1153 3806 24.
1173 3697 1371 3808 Empedocles

279 3835 395 3888 versus,
427 3817 528 3895 quibus
558 3815 730 3898 Xenophani
757 3816 949 3890 contradixit,
979 3827 1113 3878 memorat
1138 3818 1302 3879 Aristotcles
1332 3817 1371 3879 de

281 3905 366 3966 Coelo
388 3905 431 3980 ll,
456 3909 510 3982 13,
532 3929 561 3990 p.
583 3906 653 3985 364.
672 3907 708 3967 Ι).

320 3993 385 4074 (δι)
405 3997 512 4057 Nicolai
538 3999 710 4060 mentionem
733 3999 803 4060 facit
828 3999 987 4082 Simplicius
1006 3997 1082 4060 infra
1106 3998 1136 4058 in
1162 3998 1241 4082 Disp.
1269 4011 1369 4062 nostra

281 4085 316 4148 de
335 4085 471 4169 Xenoph.
491 4086 593 4169 philos.
614 4088 648 4167 1,
669 4085 685 4168 §
705 4087 744 4167 4,
764 4109 790 4150 e.
