2966 4824
549 403 788 450 rmnosorrna.
1153 403 1213 466 177

136 571 220 671 plex
245 585 318 666 est3
344 570 507 674 quocirca
531 571 711 671 ἆᾷιαίρετον
734 589 770 676 et
793 579 958 675 συνεχὲς,
987 577 1215 670 individuum

133 707 173 768 et
194 693 428 785 continuum,
448 708 550 794 quae'
563 695 744 770 Aristoteli
772 698 944 769 contraria
967 713 1071 790 sunt,
1094 726 1115 772 c
1135 701 1216 776 Par·
1288 719 1292 732 ·

133 815 285 890 menidis
308 828 429 889 mente
453 815 586 915 optime
612 818 844 892 conveniunt.
986 907 989 921 Ι

182 939 265 1031 Quo
284 937 413 1012 melius
433 963 518 1014 vero
536 937 756 1014 Parmenidis
779 918 931 1017 rationes
953 943 1215 1042 perspiciantur

132 1073 171 1132 et
202 1058 426 1159 judicentur,
458 1059 725 1134 contendendae
752 1074 838 1134 sunt
869 1089 954 1136 cum
985 1063 1215 1165 physicorum
1317 1044 1318 1052 ἵ

130 1179 291 1278 placitis,
318 1179 452 1282 quibus
472 1195 574 1256 erant
598 1183 786 1280 oppositae.
805 1255 810 1263 ,
837 1182 1215 1286 Physiciadspectabi-

121 1285 206 1376 'lem
231 1301 492 1376 considerantes
515 1316 700 1396 naturam,
723 1330 818 1404 quae
838 1331 978 1405 semper
999 1320 1162 1380 mutatur
1179 1321 1216 1380 et
1247 1375 1250 1382 .

132 1421 318 1517 variatur,
342 1424 388 1498 ad
423 1423 516 1498 hanc
535 1423 668 1524 placita,
682 1451 747 1499 sua
776 1427 1104 1519 accommodarunt,
1131 1429 1216 1502 Par·

132 1543 296 1619 menides
324 1545 441 1620 solum
463 1571 546 1642 cns,
578 1545 675 1648 quod
702 1547 962 1648 sempiternum
982 1553 1058 1645 est,
1085 1575 1216 1628 verum

132 1666 340 1765 existimans
365 1667 476 1770 idque
504 1693 624 1743 unum
639 1763 641 1768 Ι
656 1669 825 1761 intuens,
850 1667 893 1743 ad
915 1669 983 1746 hoe
1004 1687 1216 1772 argumenta

131 1815 206 1862 suar
217 1790 335 1880 omnia
358 1789 492 1864 retulit.
554 1791 681 1890 Itaque
699 1787 749 1862 illi
770 1787 875 1864 fluxu
894 1807 1070 1894 motuque
1087 1806 1217 1866 cuncta

132 1909 260 2012 agitari
290 1911 509 2004 censebant,
544 1909 641 2012 quod
661 1936 746 1984 cum
768 1911 826 1983 alii
848 1925 984 1986 veteres
1010 1927 1092 1990 tum
1113 1941 1216 2013 prae-

131 2029 256 2106 sertim
279 2031 477 2108 Heraclitus
494 2047 531 2108 et
550 2029 781 2130 Empedocles
797 2031 1023 2127 docuerunt,
1045 2035 1135 2110 alter
1151 2049 1217 2108 sta·

131 2167 241 2228 tuens
256 2156 295 2229 ri
320 2155 355 2232 dr
373 2152 606 2256 διαφερόμενον
627 2152 681 2230 dd
700 2151 946 2253 ξυμφέρεσθαι,
958 2181 1024 2228 ens
1040 2155 1217 2252 dissipari

131 2301 275 2374 semper
295 2303 508 2378 semperque
524 2278 719 2350 conciliari
732 2283 788 2373 ⁸³3
812 2277 901 2352 alter
918 2280 965 2351 ita
985 2272 1136 2352 canens:
1297 2255 1302 2268 ¹
1329 2269 1336 2282 '

396 2399 487 2492 τότε
510 2403 572 2495 pta
595 2401 664 2498 γὰρ
686 2400 722 2475 ἓν
746 2398 861 2493 ηὐξήθη
885 2401 978 2496 μόνον
1003 2395 1080 2476 εἶναι
1092 2423 1125 2493 ,“

182 2507 221 2599 ia
245 2523 405 2616 πλεόνων,
430 2523 509 2598 τότε
533 2519 562 2598 d'
585 2519 629 2598 oo}
645 2520 743 2618 διέφυ
762 2527 871 2598 πλέον’
885 2521 924 2616 ἐξ
938 2523 1005 2605 ἑνὸς
1018 2519 1095 2599 εἶναι
1110 2529 1166 2597 ³⁴.

130 2645 363 2721 Parmenides
387 2659 509 2721 contra
529 2671 596 2719 nec
613 2645 772 2747 dissipari
793 2645 884 2721 illud
902 2673 970 2721 nec
987 2673 1113 2721 rursus
1135 2674 1217 2721 con-

133 2767 238 2868 jungi
257 2795 357 2867 posse
378 2767 617 2861 demonstrat,
643 2763 704 2844 sed
727 2795 791 2844 ens
808 2795 893 2843 cum
914 2783 998 2844 ente
1017 2767 1215 2843 cohaerere.

130 2891 243 2964 Porro
275 2889 409 2992 physici
445 2889 542 2966 aliud
572 2891 778 2966 statuebant
809 2917 896 2988 esse¹
917 2891 1092 2986 densum,
1118 2890 1216 2965 aliud

132 3039 278 3105 rarum,
304 3011 404 3087 aliud
432 3013 602 3112 plenum,
625 3013 723 3088 aliud
743 3040 896 3091 vacuum
928 3027 983 3110 (ut
1011 3011 1217 3110 leucippus

130 3148 168 3208 ct
185 3135 443 3227 Democritus),
464 3159 623 3235 quorum
647 3136 820 3209 contraria
844 3133 981 3208 actione
1004 3145 1217 3231 perpetuam

131 3281 258 3329 rerum
279 3253 558 3330 vicissitudinem
579 3270 616 3328 et
632 3257 865 3330 mutationem
885 3253 985 3329 effici.
1010 3252 1075 3327 Ille
1094 3265 1217 3325 contra

131 3403 197 3452 ens
214 3377 318 3450 docet
343 3401 418 3449 esse
440 3375 592 3476 simplex
614 3391 652 3450 et
675 3377 900 3471 uniusmodi,
926 3389 1130 3475 naturaque
1151 3398 1217 3445 sua

131 3501 316 3598 integrum
346 3513 382 3572 et
411 3495 640 3596 completum.
691 3499 748 3573 Sic
776 3512 1037 3597 utrorumque,
1062 3493 1217 3595 physico

132 3646 219 3693 rum
239 3632 275 3691 et
294 3618 552 3709 Eleaticorum,
574 3619 773 3694 sententiae
792 3645 937 3720 prorsus
957 3631 1060 3692 erant
1074 3617 1216 3688 interae

132 3739 324 3840 oppositae.
375 3738 482 3834 Quod
515 3738 704 3814 discrimen
736 3767 809 3815 non
837 3741 945 3815 semel
976 3752 1075 3813 notat
1095 3735 1217 3826 Plato,

131 3879 175 3936 ut
207 3863 247 3934 in
272 3861 488 3960 Theaeteto,
518 3888 635 3963 quum
665 3861 770 3955 dicit,
807 3863 893 3937 alios
920 3859 1155 3952 contendere,
1180 3857 1217 3934 ἐκ

166 4031 224 4100 (83)
257 4032 333 4103 Apud
349 4033 448 4087 Platon.
466 4033 576 4104 Sophist.
593 4051 618 4102 p.
636 4033 683 4096 ata
704 4036 729 4086 E
841 4059 844 4067 ·
918 4025 921 4036 ’

165 4123 225 4189 (Sd)
259 4121 426 4193 Empedocles
444 4138 480 4178 rr.
501 4123 532 4186 34
550 4124 636 4176 Stura.
656 4121 688 4178 cf.
706 4125 778 4178 Plato
796 4125 811 4177 l.
831 4125 846 4180 Ι.

977 4229 1053 4286 '12
