2870 4824
1178 431 1216 473 111

112 575 262 656 evolvat
302 593 346 655 et
375 581 597 680 amplificet3
627 607 670 656 eo
696 583 832 656 factum
858 593 911 654 est
950 595 994 655 ut
1020 579 1217 680 primordia

118 711 195 804 eius
225 735 320 783 mox
347 712 583 810 sequentium
604 711 896 812 philosophorum
918 710 1060 786 lumine
1086 710 1216 786 obrue-

123 853 269 934 rentur,
298 853 542 942 veterumque
557 843 705 918 inventa
731 843 955 942 posteriores,
983 843 1049 942 qui
1068 840 1217 916 clariora

130 982 163 1043 et
186 969 370 1068 ampliora
401 972 671 1072 cognovissent,
702 984 988 1048 contemnerent.
1017 972 1075 1045 Sic
1101 972 1218 1046 fontes

128 1097 395 1197 despexerunt,
413 1101 512 1176 unde
529 1101 688 1200 ipsorum
706 1102 868 1176 doctrina
887 1114 1093 1178 emanasset.
1111 1099 1218 1175 hlulti

131 1231 286 1304 lustrant
302 1233 368 1332 qui
393 1257 538 1306 omnem
559 1259 674 1332 paene
698 1233 799 1308 illam
822 1233 1102 1334 philosophiam,
1122 1259 1224 1333 quae⁴

130 1374 213 1434 ante
237 1363 421 1436 Socratem
445 1375 483 1437 et
499 1347 694 1438 ‘Phunem
717 1367 911 1464 viguisset,
935 1365 1068 1440 rudem
1097 1377 1134 1439 et
1160 1365 1216 1436 in-

130 1495 270 1567 fantem
293 1495 559 1592 existimarent,
594 1499 764 1574 inanibus
787 1499 1057 1600 quaestionibus
1072 1511 1110 1573 et
1125 1523 1218 1575 vana

129 1628 323 1722 jactatione
342 1625 513 1726 plenam,
533 1629 728 1728 sapientiae
741 1643 778 1706 et
792 1632 1003 1707 eruditionis
1019 1643 1216 1730 expertem.

130 1760 260 1859 ltaque
277 1760 375 1858 quod
395 1761 441 1834 de
461 1760 608 1836 Thalete
624 1763 742 1838 fertur
763 1789 868 1859 eum,
883 1789 1002 1864 quum
1024 1762 1218 1862 aliquando

129 1892 169 1962 in
184 1890 356 1976 siderum
374 1891 675 1991 contemplatione
697 1893 862 1968 intentus
886 1893 1098 1992 imprudens
1123 1894 1218 1967 deci-

129 2001 238 2094 disset
262 2021 302 2092 in
328 2021 490 2113 foveam,
517 2050 537 2095 a
561 2021 780 2096 muliercula
803 2022 963 2098 derisum
992 2023 1217 2122 esse,quod

129 2153 168 2225 in
194 2151 410 2227 coelestibus
440 2153 549 2228 rebus
575 2166 612 2226 et
645 2153 814 2227 abstrusis
842 2151 1028 2226 intuendis
1051 2151 1191 2225 defixus
1203 2204 1217 2244 ,

129 2311 224 2384 quae
255 2299 341 2360 ante
371 2285 480 2384 pedes
513 2298 630 2360 essent
661 2312 734 2358 non
770 2286 937 2378 videret,
973 2283 1137 2358 similiter
1171 2283 1218 2358 de

129 2419 300 2493 universa
330 2417 477 2492 illorum
510 2417 733 2518 philosophia
764 2417 1041 2509 existimarunt,
1071 2442 1152 2492 eam
1177 2417 1218 2487 in

129 2549 229 2623 vanis
247 2561 289 2623 et
310 2545 478 2622 abstrusis
500 2548 771 2650 quaestionibus
794 2558 1030 2646 occupatam,
1052 2543 1218 2619 utilitatis

129 2678 364 2778 veritatisque
388 2677 494 2752 fuisse
515 2677 672 2750 inanem.
698 2677 746 2748 Et
771 2701 846 2776 quo
874 2676 985 2774 magis
1011 2677 1217 2750 firmaretur

129 2810 216 2885 haec
241 2811 389 2910 opinio,
416 2821 544 2882 testem
571 2787 801 2908 proferebant
826 2793 1030 2900 Socratem,
1056 2807 1218 2906 quinon

127 2943 240 3017 semel
270 2943 425 3016 fateatur
452 2967 489 3015 se
519 2967 565 3016 ex
598 2939 747 3014 illorum
778 2939 1088 3039 disquisitionibus
1122 2937 1216 3012 nihil

130 3079 341 3176 profccisse,
355 3089 392 3150 et
410 3077 475 3176 qui
491 3077 571 3184 ideq
589 3077 813 3176 potissimum
832 3101 961 3174 parens
974 3073 1218 3174 philosophiae

129 3211 172 3282 sit
194 3207 420 3310 appellatus,
435 3209 545 3309 quod,
558 3207 709 3308 explosis
722 3210 950 3308 superiorum
965 3210 1124 3309 argutiis,
1138 3209 1218 3310 phi-

129 3341 328 3442 losophiam
348 3341 394 3416 de
415 3340 514 3416 coelo
537 3340 738 3416 devocasset
763 3355 801 3416 et
824 3341 869 3415 ad
892 3343 1003 3418 vitam
1026 3341 1218 3415 hominum

129 3498 321 3573 moresque
337 3471 554 3546 traduxisset
569 3471 603 3544 *.
616 3471 773 3566 Quidam
797 3499 881 3549 vero
906 3471 1034 3547 dumus
1050 3473 1159 3546 etiam
1178 3473 1218 3543 in

128 3619 266 3680 veteres
288 3603 370 3678 illos
383 3605 517 3682 invecti
533 3620 631 3699 sunt,
655 3583 779 3706 graves
797 3607 962 3681 homines
986 3617 1023 3678 et
1046 3604 1216 3702 religiosi,

128 3762 182 3812 eos
206 3749 421 3812 accusantes
446 3737 544 3837 quod
567 3739 792 3838 captionibus
813 3739 887 3813 suis
909 3736 1068 3814 veritatis
1085 3735 1216 3809 lunda-

160 4005 205 4089 (⁶)
225 4004 301 4066 vid.
325 4001 461 4086 Xenoph.
483 4003 603 4067 Memor.
621 4005 652 4083 1,
679 4025 710 4082 r,
737 4025 783 4066 ιι.
807 4001 916 4064 Platon.
944 4001 1085 4064 Phaedon.
1110 4023 1140 4084 p.
1160 3997 1215 4079 64.

124 4103 167 4166 ad,
187 4101 354 4188 wyttenh.
654 4095 658 4103 '
