2966 4824
283 407 346 468 1⁵4
683 418 731 464 nr
753 415 969 466 ramumrs

280 585 486 686 Empiricos
501 581 649 684 quidem
667 599 804 678 narrat,
825 585 936 660 fuisse
950 583 1152 658 Xeniadem
1166 582 1360 684 quemdam

245 803 248 812 Ι
277 707 505 784 Corinthium
516 705 634 806 (eujus
643 706 867 779 mentionem
878 707 996 781 facere
1006 705 1282 801 Democritum),
1295 707 1360 805 qni

278 843 452 904 statueret
481 826 581 902 fluxa
607 830 726 902 omnia
749 843 787 902 et
808 829 963 920 ineerta,
985 814 1092 900 ¹nihil
1118 851 1243 902 revera
1270 851 1358 918 esse;

279 952 328 1023 sio
351 977 373 1024 e
397 965 613 1026 non-ente
636 949 713 1023 fieri
737 949 917 1030 omniunt
941 948 981 1024 in
1004 973 1193 1022 non-ens
1217 947 1358 1023 resolvi:

218 1119 220 1127 ,
278 1069 317 1146 ἐκ
341 1082 400 1146 τοῦ
423 1074 477 1170 μὴ
501 1076 618 1155 i‘rror
642 1075 712 1148 πᾶν
735 1073 775 1146 τὸ
798 1071 965 1170 γινόμενον
988 1068 1155 1170 γίνεσθαι,
1180 1072 1237 1145 καὶ
1263 1071 1306 1152 εἷς
1323 1071 1359 1144 ri

278 1197 331 1291 pir
354 1197 488 1272 dorsis
513 1198 552 1271 rt
580 1175 784 1294 φθειρόμενον
810 1191 995 1293 otetpertaa
1012 1203 1067 1270 ³².
1116 1195 1191 1267 Hoc
1213 1191 1359 1294 quidem

277 1315 462 1390 decretum
480 1319 681 1416 oppositum
697 1316 804 1416 plane
821 1317 1034 1392 Parmenidi.
1074 1315 1142 1390 Sed
1157 1315 1252 1388 illius
1269 1328 1359 1388 aetas

277 1463 351 1510 non
372 1441 453 1513 satis
475 1439 619 1513 definita
637 1453 702 1513 est.
728 1440 828 1512 Licet
843 1438 1001 1540 aequalis
1015 1439 1129 1512 fuerit
1145 1439 1359 1528 Democrito,

276 1559 491 1636 Parmenide
516 1575 636 1634 tamen
653 1561 859 1634 inferiorem
877 1561 1009 1654 fuisse,
1028 1560 1199 1658 exipsius
1214 1558 1359 1656 placito,

276 1684 306 1754 si
327 1697 490 1756 aoourate
506 1709 526 1756 a
542 1685 647 1756 Sexto
665 1683 819 1756 relatum
833 1683 898 1775 sit,
913 1681 1027 1782 ooiiigi
1041 1694 1167 1780 potest.
1218 1679 1359 1754 Primus

274 1803 374 1876 enim
398 1803 630 1882 Parmenides
654 1805 700 1880 ri
725 1798 830 1879 eires
855 1805 1052 1903 generatim
1069 1815 1106 1874 et
1120 1799 1281 1876 absolute
1299 1815 1359 1874 sta·

275 1927 365 2017 tuit3
389 1951 508 2024 quum
528 1939 652 2000 autem
671 1926 853 2000 antithesis
870 1926 939 2025 (μὴ
959 1921 1076 2025 εἶναι)
1092 1952 1113 2000 e
1129 1925 1221 1999 thesi
1240 1920 1357 2020 (εἶναι)

274 2061 380 2140 nata,
414 2062 524 2149 atque
560 2047 647 2122 adso
681 2049 859 2147 posterius
891 2047 1039 2121 demum
1070 2063 1147 2124 orta
1177 2049 1238 2142 sit,
1278 2047 1358 2120 inde

275 2168 390 2269 oolligi
412 2183 527 2269 potest
537 2171 723 2270 eum,qui
753 2193 842 2242 non
866 2194 965 2242 esse
989 2170 1186 2268 generatim
1211 2183 1360 2269 poneret

276 2289 465 2391 velloerte
501 2290 773 2390 pronuntiaret,
812 2306 892 2390 post
925 2290 1177 2364 Parmenidem
1211 2290 1360 2364 demum

273 2411 468 2504 exstitisse,
502 2439 576 2514 quo
609 2427 772 2514 tempore
806 2413 929 2513 plures
962 2437 1110 2514 quoque
1144 2413 1360 2486 exstiterunt

186 2638 189 2646 ι
272 2534 447 2633 sophistae
472 2549 510 2608 et
533 2534 690 2638 physici,
714 2561 873 2638 quorum
897 2537 1073 2608 sententia
1097 2533 1142 2607 ad
1159 2533 1226 2607 hoo
1242 2532 1359 2606 deme·
1467 2631 1468 2636 ἵ

272 2669 354 2728 tum
378 2655 488 2754 possit
510 2659 660 2750 referri,
684 2659 721 2730 in
747 2657 884 2756 quibus
904 2653 1083 2730 Xeniades
1097 2656 1157 2730 ille
1175 2653 1277 2729 facile
1293 2683 1361 2754 pu·
1467 2649 1468 2654 ἵ

272 2773 404 2848 tandus
427 2791 491 2852 est.
541 2779 771 2852 Parmenides
796 2793 919 2853 autem
943 2791 1100 2878 spectare
1120 2771 1245 2876 ¹potius
1263 2778 1359 2854 vide-
1467 2779 1468 2796 ¹

272 2912 335 2970 tur
369 2895 415 2970 ad
450 2923 683 2976 oommunem
719 2899 816 2973 illam
840 2913 881 2973 et
906 2926 970 2974 sua
995 2913 1109 2972 aetate
1133 2915 1360 3000 pervagatam

271 3016 566 3120 philosophorum
589 3023 781 3116 rationem,
812 3023 940 3123 quiin
964 3020 1061 3096 coelo
1086 3021 1358 3121 oontempiando

270 3143 421 3234 versati,
459 3169 501 3218 ea
525 3158 668 3218 tantum
693 3143 1041 3235 animadverterent,
1075 3167 1171 3243 quae
1194 3143 1356 3221 sensibus

192 3333 195 3346 ,
270 3260 560 3362 perciperentur,
584 3289 754 3367 quaeque
777 3279 953 3366 perpetuo
977 3265 1080 3366 quasi
1104 3261 1211 3338 fluxu
1231 3267 1358 3366 agitata

246 3393 412 3482 'semper
433 3399 685 3460 mutarentur:
710 3388 826 3488 qualis
852 3389 924 3462 fuit
948 3387 1174 3478 lonicorum,
1196 3387 1357 3486 quitum

269 3499 564 3599 dominabantur,
599 3509 706 3602 ratio,
742 3507 882 3608 vulgari
913 3509 1082 3605 opinione
1106 3521 1152 3584 et
1176 3507 1357 3582 communi
1466 3491 1467 3556 ἶ

268 3649 377 3698 sensu
401 3627 641 3726 oomprobata.
690 3631 831 3706 Horum
855 3631 965 3730 igitur
978 3627 1188 3728 opinionem
1199 3643 1355 3729 spectare

228 3791 234 3808 ι
269 3745 435 3839 videtur,
471 3775 583 3850 quam
617 3741 768 3826 eandem
803 3753 945 3852 saepius
978 3753 1021 3828 in
1049 3744 1207 3824 carmine
1227 3751 1355 3850 tangit,

269 3865 383 3940 veluti
395 3895 513 3970 quum
524 3897 715 3968 sensuum,
728 3874 916 3950 oculorum
932 3875 1167 3972 auriumque,
1184 3870 1352 3947 fallacium

302 4057 359 4128 (32)
392 4063 484 4115 Sextus
509 4065 607 4136 Empir.
634 4067 691 4120 adr.
718 4069 800 4122 stau
816 4069 884 4132 vn,
908 4066 1113 4128 turbidus,
1136 4063 1192 4134 399
1226 4063 1351 4131 Pyrrhon·
1465 4133 1466 4160 Χ

271 4150 365 4219 Hypot
388 4153 431 4215 11,
455 4156 489 4205 18.
509 4153 551 4206 cit.
570 4155 681 4209 Brundisi
700 4158 716 4211 l.
734 4159 749 4210 Ι.
767 4177 792 4226 p.
814 4157 868 4212 135.
