2966 4824
272 287 336 354 ltt
670 303 719 352 na
737 259 954 354 annulum

271 497 391 551 unum
412 469 665 570 comprehendi
681 497 802 572 posse,
827 495 947 546 uuum
965 467 1168 572 philosophi
1189 480 1356 542 contem·

271 594 426 693 platicne
453 593 607 667 maxime
627 592 778 696 dignum
799 619 875 669 crsc
894 592 1046 668 censuit.

321 715 416 790 Haec
448 716 622 788 sententia
650 717 778 816 quanti
794 709 923 790 'fuerit
950 717 1123 789 momenti
1146 713 1191 788 ad
1212 739 1358 814 promo·

273 837 434 912 rendum
467 835 742 937 philosophiam,
771 853 809 913 et
829 852 1002 940 quantam
1023 838 1098 914 vim
1124 836 1293 910 hahuerit
1316 837 1357 908 in

222 1051 225 1054 Ι
273 959 503 1058 sequentium
520 958 810 1060 philosophorum
823 958 1040 1051 doctrinam,
1056 955 1356 1032 nomincm'latct.

273 1083 389 1154 Antea
421 1081 520 1156 enim
546 1082 653 1156 unice
685 1083 764 1157 fere
795 1077 928 1154 intenti
959 1081 1105 1154 fuerant
1128 1081 1168 1152 in
1196 1092 1360 1152 contern-

274 1200 429 1301 platione
452 1227 577 1278 rerum
604 1217 858 1296 externarum,
893 1217 937 1276 ut
968 1201 1204 1302 anquirerent
1228 1199 1360 1274 mundi

275 1320 470 1421 originem,
494 1323 603 1418 coeli,
626 1325 753 1420 maris,
774 1341 892 1400 terrae
912 1339 1098 1417 naturam,
1119 1335 1260 1412 motus,
1278 1347 1362 1394 mu·

275 1445 443 1535 tationea3
477 1446 515 1518 in
551 1443 606 1520 his
636 1447 796 1524 veritatis
826 1447 1021 1558 scientiam·
1040 1443 1232 1544 ponebant.
1294 1443 1361 1516 Ille

276 1592 379 1659 vcro,
395 1567 516 1641 relicta
536 1568 676 1670 vulgari
696 1571 836 1662 semita,
854 1595 875 1642 a
894 1583 1045 1640 naturae
1061 1564 1361 1664 contemplatione

275 1683 423 1762 deflexit
456 1688 503 1764 ad
538 1716 661 1766 rerum
689 1691 895 1770 divinarum
928 1687 1210 1787 indagationem,
1247 1689 1362 1762 aciem

276 1808 468 1884 intendens
504 1813 542 1884 in
580 1839 621 1886 ea
650 1839 745 1914 quae
777 1811 920 1886 rahonis
949 1808 1080 1910 judicio
1097 1807 1362 1909 probarentur,

276 1928 314 2004 h.
343 1956 378 2004 e.
401 1935 620 2008 notionesin
644 1949 765 2010 mente
786 1936 953 2035 repositae
978 1945 1015 2006 ct
1035 1930 1106 2004 sola
1124 1945 1253 2004 mente¹
1270 1955 1363 2004 con-

277 2052 568 2150 prehendendas3
585 2058 623 2129 in
644 2055 700 2130 hic
720 2057 886 2152 demum,
907 2081 981 2129 non
1002 2055 1043 2128 in
1065 2054 1221 2128 externis
1239 2051 1363 2142 rebus,
1462 2125 1463 2130 ,

278 2175 464 2249 veritatem
497 2177 648 2274 positam
677 2179 902 2252 existimavit.
964 2177 1038 2252 Hoc
1072 2176 1111 2248 in
1149 2171 1364 2248 Parmenide

277 2293 476 2372 admiratus
497 2313 551 2372 est
571 2300 690 2392 Plato,
716 2314 760 2374 ut
788 2301 828 2372 in
848 2300 1059 2399 cognomine
1091 2296 1226 2396 dialogo
1249 2295 1365 2394 signi-

278 2416 376 2510 ficut,
390 2417 455 2494 uhi
465 2419 571 2494 illum
582 2404 721 2496 inducit
732 2421 864 2496 Socrati
875 2420 962 2495 hacc
971 2421 1150 2495 dicentem
1159 2427 1194 2492 ⁹:
1207 2417 1309 2494 τοῦτο’
1321 2443 1366 2517 γε

279 2565 342 2614 σου
361 2596 370 2615 .
386 2597 418 2616 ..
443 2540 591 2640 ἠγάσθην
613 2543 758 2626 εἰπόντος
781 2542 831 2620 ὅτι
857 2538 1048 2623 uiridiario
1067 2545 1135 2622 τοῖς
1154 2541 1366 2639 ὁρωμένοις

277 2657 354 2736 οὐδὲ
385 2665 459 2760 περ)
489 2675 601 2740 ταῦτα
631 2667 688 2757 τὴν
718 2665 881 2755 πλάνην
914 2662 1127 2757 laroma-eta,
1163 2662 1261 2739 tam
1292 2665 1366 2762 περὶ

262 2778 386 2880 ,ἐκεῖνα
417 2783 443 2860 t
477 2784 638 2882 μάλιστά
663 2817 714 2870 τις
735 2783 776 2864 to
799 2787 910 2888 λόγῳ
932 2785 1040 2883 λάβοι
1061 2788 1118 2864 καὶ
1141 2783 1199 2878 lida
1218 2782 1261 2862 dc
1284 2783 1366 2886 ripoi-

281 2932 381 2980 σατο
400 2900 519 2985 εἶναι.
544 2911 648 3004 Quae
671 2909 731 2984 hie
753 2908 1005 2984 Parmenidem
1030 2909 1070 2982 in
1089 2934 1204 3018 puero
1225 2911 1366 2984 Socrate

282 3024 641 3131 admirantemfingit
656 3031 772 3126 Plato,
790 3047 863 3106 tam
879 3009 968 3134 quid
989 3030 1049 3105 ille
1069 3033 1231 3126 senserit,
1253 3055 1366 3133 qnam

282 3146 372 3258 quid
397 3147 473 3248 ipae
497 3153 652 3228 maxime
675 3150 901 3253 probaverit,
924 3135 1115 3229 declarant

332 3273 390 3344 Ex
421 3271 479 3346 illa
510 3273 682 3350 divisione
714 3275 935 3350 Parmenidis
966 3273 1186 3376 philosophia
1207 3275 1367 3350 continet

283 3389 357 3466 duo
379 3409 613 3491 argumenta,
639 3398 677 3470 in
697 3375 992 3499 quae'tanquam
1013 3398 1127 3498 capita
1148 3411 1267 3472 totum
1289 3395 1365 3496 ejus

273 3537 428 3586 ,carmen
461 3513 657 3592 dividitur:
682 3517 836 3594 alterum
857 3518 956 3620 quod
976 3534 1141 3596 vereatur
1162 3521 1366 3609 circuens,
1462 3519 1463 3528 ³

283 3631 351 3706 hoc
368 3648 446 3728 cat,
470 3663 550 3712 eam
581 3654 749 3715 naturam
771 3643 809 3714 in
836 3667 910 3742 qua
925 3643 1055 3718 veritas
1073 3643 1185 3736 ineot3
1210 3641 1366 3714 alterurn

281 3753 382 3852 qnod
393 3759 640 3858 complectitur
655 3763 762 3856 risa,
779 3764 853 3836 sive
870 3760 1053 3838 fluxarum
1070 3791 1194 3840 rerum
1204 3763 1366 3838 notiones

285 3887 322 3947 et
346 3882 479 3977 species
501 3885 684 3957 communi
715 3884 946 3985 intelligentia
970 3883 1112 3962 effictas.
1167 3883 1365 3982 Utriusque

320 4021 362 4093 (9)
379 4025 451 4078 Plato
469 4027 551 4080 Parm.
569 4045 594 4098 p.
620 4027 666 4082 135
681 4029 711 4082 D.
