2840 4820
272 295 318 364 98
689 315 727 358 ou
750 315 940 359 xrrormms

274 485 458 546 auctorem
498 474 577 567 ejus
608 469 770 547 similiter
801 482 910 570 atque
943 469 1122 544 Melissum
1151 483 1302 548 statuere
1324 484 1342 510 ¹¹

276 574 374 672 Quid
402 577 532 653 enim?
560 579 597 649 Si
623 579 661 648 in
690 575 857 650 hocloco
887 577 932 650 de
961 578 1188 674 Xenophane
1214 581 1344 679 egerit,

275 709 368 757 num
396 711 460 784 par
484 697 560 758 erat
590 685 702 777 hujus
739 683 956 756 sententiam
981 683 1025 758 ad
1057 683 1261 776 Melissum,
1287 688 1346 784 qni

274 791 446 888 posterior
471 791 542 862 fuit
556 803 688 880 aetate,
716 791 932 886 comparari,
957 814 1001 859 an
1030 801 1153 861 contra
1184 803 1346 888 oportue-

273 907 330 968 rat
360 895 495 970 Melisso
521 895 780 993 Xenophanem
801 893 1010 992 anteponi?
1039 895 1076 966 Si
1101 920 1188 970 vero
1213 897 1258 970 de
1284 899 1346 968 Ze-

274 1027 369 1076 none
385 1001 527 1076 looutus
555 1017 661 1096 esset,
691 1003 790 1074 hunc
817 1028 902 1074 curn
916 999 1053 1074 Melisso
1082 1001 1233 1076 conferri
1250 1029 1347 1076 nemo

273 1109 491 1199 miraretur,
514 1135 631 1208 quum
656 1108 761 1180 ambo
793 1121 829 1180 et
846 1119 961 1180 aetate
983 1120 1020 1180 et
1040 1110 1216 1183 sententia
1242 1135 1347 1206 paene

275 1239 378 1313 pares
403 1228 530 1288 essent.
557 1215 626 1288 Sed
652 1213 838 1312 probabile
866 1227 955 1288 esset
985 1214 1052 1286 hoo
1077 1228 1346 1314 argumentum,

275 1321 306 1394 si
329 1319 507 1392 elaborata
521 1346 668 1419 unaque
688 1319 779 1394 serie
797 1347 958 1392 connexa
982 1333 1072 1392 esset
1091 1321 1179 1394 haec
1195 1324 1347 1420 scripti03

274 1439 510 1503 nuncautem
528 1438 698 1526 apparet,
724 1452 803 1500 eam
818 1453 891 1498 non
918 1427 1054 1498 modoa
1075 1425 1229 1500 librariis
1251 1455 1346 1502 vexa·

274 1546 373 1626 tam,
400 1533 484 1624 sed,
512 1545 556 1606 ut
585 1533 690 1608 modo
713 1533 809 1620 dixi,
841 1534 886 1606 ab
909 1534 984 1631 ipso
1005 1545 1149 1609 auctore
1173 1533 1347 1634 negligen-

275 1641 348 1714 tius
366 1653 402 1716 et
424 1641 629 1728 confusius,
653 1641 752 1712 utin
778 1641 1063 1727 commentariis,
1079 1667 1152 1716 esse
1169 1645 1345 1741 scriptam:

276 1747 511 1846 quamobrem
533 1747 639 1822 nimis
664 1745 825 1844 urgenda
853 1746 940 1821 haec
967 1773 1038 1820 non
1061 1761 1158 1820 sunt.

325 1853 476 1926 Maxima
501 1865 624 1926 autem
653 1852 699 1924 de
726 1853 848 1949 scripti
872 1853 1084 1926 auctoritate
1107 1853 1267 1950 quaestio
1290 1865 1346 1926 est.

274 1959 364 2030 Nam
383 1959 470 2046 *wetsi
496 1959 592 2032 inter
635 1957 835 2034 Aristotelis
869 1983 976 2054 opera
1010 1955 1238 2056 divulgatum
1271 1971 1347 2032 eta

274 2065 434 2166 Diogene
455 2067 592 2140 Laertio
617 2075 639 2102 ¹²
663 2067 702 2138 in
733 2067 811 2158 ej'us
837 2064 1013 2140 librorum
1041 2065 1202 2164 catalogo
1225 2091 1347 2142 memo·

275 2187 398 2248 ratum
433 2186 509 2264 est,
544 2173 686 2270 antiqui
710 2185 831 2246 tameo
858 2174 924 2270 qui
952 2173 1181 2247 Aristotelem
1211 2174 1346 2274 diligen·

275 2282 408 2372 tissime
437 2277 671 2371 lectitaruut,
698 2281 736 2350 in
763 2279 991 2378 Xenophane
1020 2283 1345 2370 commemorando,

274 2388 320 2462 de
341 2413 384 2461 eo
410 2385 518 2461 silent
543 2414 550 2460 :
579 2385 679 2472 uode
707 2389 835 2460 merito
861 2387 906 2462 dc
927 2387 1025 2462 illius
1043 2391 1188 2466 nomine
1210 2389 1346 2464 dubita-

276 2507 354 2589 tur·,
380 2493 441 2568 sed
468 2495 534 2568 hac
554 2493 599 2568 de
625 2507 727 2568 rent
752 2507 893 2568 certum
921 2508 1078 2571 statuere
1103 2495 1346 2570 difficillimum

275 2616 352 2694 est,
375 2601 413 2674 id
439 2613 562 2674 tamen
585 2599 688 2674 facile
709 2613 823 2699 potest
849 2602 1016 2700 probari,
1036 2605 1230 2679 testimonii
1246 2604 1348 2698 hujus

275 2709 524 2784 auctoritatem
553 2707 701 2780 maximi
728 2708 926 2782 faciendam
955 2733 1062 2782 esse:
1097 2733 1182 2786 nam
1214 2735 1347 2808 quaet

273 2814 400 2886 ceteris
423 2813 655 2910 scriptoribus
681 2813 861 2913 plerisque
884 2815 929 2887 de
954 2814 1188 2912 Xenophanis
1212 2827 1344 2887 senten-

274 2921 323 2995 tia
353 2918 464 2992 relata
491 2921 629 2992 suntsi
654 2947 740 2994 oum
765 2921 831 2994 hoc
859 2919 937 2993 loco
976 2921 1228 3015 conferantur,
1255 2919 1345 3020 apud

275 3025 355 3098 illos
376 3026 526 3100 obscure
553 3038 590 3098 et
619 3026 763 3099 turbate
788 3041 983 3100 memorata
1008 3030 1236 3128 reperimus,
1260 3051 1345 3127 quae

271 3133 331 3208 hic
355 3133 472 3207 multo
490 3132 620 3208 clarius
644 3145 681 3206 et
701 3133 908 3234 diligentius
931 3148 1017 3206 sunt
1040 3137 1208 3234 exposita.
1233 3135 1346 3231 Auge-

272 3253 335 3312 tur
358 3265 441 3316 vero
458 3242 546 3313 haec
566 3241 757 3314 auctoritas
780 3241 1010 3340 Theophrasti
1043 3240 1106 3312 illo
1121 3239 1218 3339 quod
1248 3239 1344 3312 modo

271 3345 419 3421 laudari
447 3349 672 3453 testimonio,
704 3375 798 3446 quae
835 3349 940 3422 ambo
968 3350 1017 3423 ita
1041 3349 1138 3422 inter
1172 3375 1210 3422 se
1236 3347 1344 3420 conci-

271 3466 392 3550 nunt,
418 3465 462 3527 ut
485 3453 642 3534 alterum
665 3453 777 3528 altero
803 3453 1007 3530 illustretur
1034 3467 1072 3533 et
1099 3455 1341 3542 confirmetur,

313 3723 375 3800 (lt)
396 3730 498 3802 Hpoi'vor
519 3717 569 3796 ptis
596 3713 777 3798 isanpessae'm
799 3716 862 3779 sal
886 3712 1014 3794 alvos,
1035 3717 1066 3780 ‘ro'
1081 3715 1341 3798 γιγιῖμενοιγῖγη·

272 3817 341 3874 σθω
364 3815 392 3887 ἕξ
415 3810 510 3888 inor,
531 3809 621 3895 aiom
642 3813 654 3873 ὅ
674 3813 825 3874 Μίλωνος.

312 3925 377 4008 (12)
398 3927 515 4007 Diogen.
537 3927 569 3986 L.
593 3925 639 4002 V,
670 3946 693 3986 s.
717 3947 774 4004 ²23
800 3946 884 4006 quem
914 3924 1068 4006 catalogum
1094 3946 1184 4008 nuper
1212 3922 1343 3990 recenant

269 4015 303 4076 F.
333 4015 370 4076 N.
390 4016 488 4086 Titne,
510 4015 546 4078 de
564 4017 719 4081 Aristotelis
740 4037 857 4100 operum
878 4017 958 4081 serie.
985 4017 1064 4102 Lips.
1089 4013 1175 4080 1826.
