2966 4824
587 365 838 438 rmncsorms,
1181 378 1244 442 1⁰8

170 554 279 646 ravit,
301 568 338 630 et
358 555 503 630 tandem
526 557 566 630 in
583 555 706 632 inanes
726 556 958 630 Eristiccrmn
975 559 1152 658 captiones
1162 557 1246 634 ohs-

171 673 290 750 olevit.
340 677 483 770 Quibus
510 691 704 752 commotus
735 677 853 771 Plato,
883 675 1061 754 dialectica
1088 695 1164 756 arte
1181 681 1247 786 in·

170 811 348 892 structus,
373 797 605 876 discernendo
626 802 799 874 contraris
818 798 1074 900 iungendoque
1101 804 1246 902 similia,

170 918 287 994 varias
310 924 449 996 entium
470 925 602 1022 species
625 926 700 1022 (οᾶο
715 927 810 1001 ὄντων
824 921 904 1020 can)
923 925 1018 997 inter
1033 949 1070 998 se
1083 923 1246 1000 distinxit

168 1055 208 1114 et
227 1042 426 1144 copulavit,
451 1045 650 1120 Aristotcles
681 1048 840 1146 demque
862 1045 1060 1120 accuratius
1085 1047 1244 1118 circum·

169 1164 307 1263 scripsit
324 1179 362 1239 et
376 1165 414 1238 in
429 1181 546 1240 certos·
553 1167 644 1242 locos
655 1166 850 1260 distribuit,
867 1185 964 1267 qnae·
973 1165 1082 1267 vulgo
1094 1165 1245 1240 decem

169 1287 422 1388 categoriae
443 1288 678 1388 appellantur.
729 1287 838 1362 Unde
862 1287 1019 1388 prolecto
1034 1285 1245 1388 intelligitur
1361 1361 1364 1370 ,

168 1406 392 1483 Parmenidis
410 1412 585 1484 rationem
595 1434 827 1514 nequaqnam
838 1410 883 1484 ad
894 1409 1070 1484 seriorum
1086 1409 1248 1510 notiones
1345 1480 1348 1494 ,

169 1528 383 1628 exigendam
406 1556 480 1606 esse
499 1541 555 1605 ⁵³.

217 1649 318 1724 Idem
339 1649 573 1752 judicandum
595 1653 640 1728 de
661 1653 878 1756 quibusdam
895 1651 1133 1752 sophismatis,
1150 1675 1245 1758 quae

167 1797 216 1844 ex
238 1770 362 1846 eadem
384 1775 689 1872 argumentatione
709 1772 917 1868 fluxerunt3
945 1799 1103 1874 quorum
1123 1797 1244 1846 unum

167 1905 223 1966 cst
245 1920 265 1966 a
286 1893 447 1993 sophistis
467 1897 705 1994 maximopere
731 1876 922 1994 jactitem,
950 1921 1024 1995 qno
1046 1892 1244 1967 contende-

166 2013 270 2110 bant,
294 2014 548 2116 quodcumque
570 2019 653 2116 q'nis
677 2017 843 2090 enuntiet
869 2015 927 2092 vel
947 2017 1091 2114 cogitet,
1114 2039 1244 2089 rernm

166 2161 264 2230 esee,
289 2136 421 2212 falsum
444 2163 529 2214 vero
553 2165 594 2211 ao
619 2137 774 2213 mendax
797 2164 871 2214 esee
898 2137 999 2210 nihil.
1049 2137 1157 2230 Quod
1181 2135 1243 2212 tali

165 2257 243 2332 fere
261 2259 399 2332 ratione
420 2257 633 2359 probabant:
666 2260 696 2332 si
721 2286 807 2334 non
828 2285 907 2334 ens
924 2257 1036 2361 plane
1056 2258 1147 2332 nihil
1167 2272 1242 2352 est,

166 2403 288 2480 neque
310 2379 397 2454 adeo
416 2383 597 2455 enuntiari
612 2381 702 2456 illud
713 2395 836 2480 potest,
852 2381 1108 2482 quodcumque
1119 2395 1243 2476 antem

165 2503 379 2576 enuntietur
398 2525 476 2576 ens
488 2517 556 2597 est,
568 2503 677 2604 idque
687 2529 808 2578 unum
818 2517 871 2576 eet
882 2529 1051 2595 verum,
1065 2543 1111 2558 -
1123 2502 1241 2603 sequi·

164 2635 247 2714 tnr,
267 2636 310 2698 ut
320 2622 575 2726 quodcumque
585 2626 679 2698 dicos
692 2623 750 2699 rel
760 2626 889 2724 cogites
901 2625 1112 2716 rerum'sit,
1133 2649 1242 2698 men-

161 2743 307 2818 dacium
322 2769 410 2820 vero
421 2746 566 2821 nullum
581 2755 598 2798 ⁵
604 2759 639 2822 ⁴.
678 2747 779 2820 Hanc
790 2747 963 2820 rationem
975 2745 1082 2858 multi
1094 2747 1242 2820 Socratis

162 2880 284 2942 aetate·
301 2865 547 2966 usurparunt,
572 2883 617 2942 ut
637 2867 863 2969 Protagoras,
890 2870 977 2942 item
1003 2867 1241 2968 antiquiores,

161 2989 255 3064 sicut
279 2988 379 3063 Plato
404 2991 573 3088 significat
596 2989 713 3067 verbis
736 2991 766 3065 cl
785 2989 882 3088 ἀμφὶ
899 2989 1118 3089 Πρωταγόραν
1138 2989 1195 3064 ml
1213 2993 1244 3064 ol

99 3131 103 3138 '
162 3115 213 3187 ἔτι
228 3111 437 3212 παλαιότεροι
445 3163 457 3204 ,
469 3111 602 3212 quibus
617 3113 736 3210 ipsum
749 3111 998 3186 Parmenidem
1012 3110 1058 3184 ab
1073 3137 1115 3184 eo
1127 3111 1240 3184 notari

161 3213 295 3330 putant
312 3243 369 3307 ⁵⁵.
420 3235 468 3306 At
498 3232 719 3307 Parmenidis
752 3233 926 3306 sententia
953 3258 1038 3338 cum
1059 3258 1105 3306 ex
1127 3231 1239 3329 ipsius

195 3439 253 3510 (5³)
285 3443 390 3494 Monuit
404 3441 456 3494 hcc
467 3445 517 3511 jana
529 3441 660 3494 Eudemus
671 3441 740 3512 opud
752 3441 910 3512 Simplicium
922 3442 939 3492 l.
951 3441 969 3492 l.
989 3441 1172 3511 Παρμενίδου
1187 3440 1237 3505 μὲν

163 3519 212 3584 οὖν
233 3535 374 3602 ᾶγασθείη
392 3553 434 3592 τος
451 3536 485 3587 ἂν
503 3536 704 3593 draconiorum
725 3533 968 3601 ἀκολουθήσαντος
986 3535 1092 3602 λόγοις,
1117 3538 1164 3585 καὶ
1182 3533 1237 3586 ὑπὸ

162 3625 296 3679 emim
305 3611 502 3696 ὀπατηθῖντος
511 3626 609 3679 florino
619 3629 684 3682 τότο
696 3628 870 3688 euroaustro:
881 3627 947 3681 oilae
955 3631 1007 3700 γὰρ
1017 3631 1048 3680 τὸ
1057 3642 1078 3686 π
1086 3627 1143 3680 cll
1151 3645 1167 3679 α
1175 3629 1238 3698 χός

160 3718 219 3790 (ὃν)
236 3720 334 3788 ἔλεγεν
353 3722 463 3785 οὐδεὶς,
484 3721 554 3774 ἀλλὰ
570 3720 688 3772 natvm
703 3722 812 3792 πρῶτος
830 3723 862 3774 τὸ
881 3724 973 3776 δισσὸν
988 3725 1150 3790 εἰσήγαγεν,
1169 3723 1235 3776 οὔτε

163 3813 196 3864 τὸ
215 3811 298 3866 καθ’
317 3813 402 3866 αὑτὸ
422 3817 469 3865 καὶ
489 3817 574 3866 κατὰ
592 3809 814 3882 συρβοβηκός
830 3812 889 3884 (ὄν).

198 3903 255 3973 (54)
287 3905 360 3958 Plato
378 3904 487 3974 Euthyd.
504 3923 529 3974 p.
549 3903 674 3966 sat-see
691 3904 758 3956 idern
770 3905 851 3971 tangit
860 3905 887 3956 in
899 3905 993 3972 cratyl.
1004 3921 1029 3974 p.
1039 3903 1088 3957 385
1100 3908 1126 3968 Β,
1140 3905 1189 3974 άο9
1200 3906 1233 3968 C;

161 3985 322 4064 exploratio
339 3995 449 4064 Sophist
467 4013 493 4065 p.
511 3992 574 4058 2³7,
592 3993 640 4045 seo
660 3995 696 4056 D;
714 3994 845 4071 Theaetet.
861 4011 887 4063 p.
906 3995 951 4046 188
964 4011 1002 4062 tq.

196 4082 255 4151 (55)
286 4083 398 4151 Enthyd.
416 4101 442 4154 p
459 4083 507 4136 256
525 4084 553 4135 C.
571 4081 704 4136 Heindorf.
719 4083 752 4136 nd
768 4083 863 4150 Cratyl.
879 4083 895 4152 5
911 4083 935 4135 5.

1050 4175 1128 4248 11*'
