2870 4824
1206 351 1226 396 V

112 531 180 581 nee
220 508 302 580 nisi
344 507 467 584 multo
499 507 621 585 labore
647 521 684 584 et
724 509 855 584 assidua
880 507 1012 584 mentis
1036 509 1227 610 agitatione

118 651 234 738 parta.
266 641 407 743 Itaque
433 643 564 717 veteris
584 647 711 742 politae
734 641 873 716 dictum

173 827 259 898 Nora
289 833 400 899 &mul
420 834 571 902 humano
596 837 722 926 penori
746 831 797 904 Dr*
819 841 944 904 cuncta
970 830 1145 905 dedorunt
1155 883 1171 919 ,

177 961 398 1036 Monmavis
421 962 609 1078 red'lraqa-
627 963 702 1036 dior
724 969 869 1036 meliora
898 971 1050 1065 repertis
1072 961 1121 1058 *,

135 1175 272 1274 optime
291 1175 333 1246 in
359 1171 619 1276 philosophiam
637 1175 822 1250 transferri
846 1187 972 1276 potest.
991 1173 1124 1276 Ecquis
1140 1199 1226 1276 ergo
1363 1194 1369 1204 ‘

135 1310 292 1383 miretur
320 1333 397 1402 eos,
426 1309 493 1408 qui
519 1309 628 1408 primi
661 1309 755 1383 hano
784 1311 875 1387 viam
896 1321 1118 1404 tentarunt,
1151 1335 1226 1383 non

135 1439 204 1512 nisi
228 1439 356 1514 multis
378 1437 652 1516 difficultatibus
669 1439 870 1544 multisque
899 1442 1081 1516 erroribus
1108 1465 1227 1516 conse·

136 1583 237 1646 cutos
260 1595 335 1646 esse
362 1583 408 1645 ut
432 1571 476 1646 ad
497 1571 622 1646 altiora
647 1573 797 1648 tendere
819 1585 858 1649 et
882 1573 985 1674 quasi
1009 1573 1049 1646 in
1072 1571 1227 1648 interius
1316 1577 1319 1587 ’

134 1702 380 1804 philosophiae
401 1703 596 1780 mererium
615 1705 751 1782 intrare
777 1705 915 1783 liceret.
947 1701 1020 1780 Sed
1041 1729 1115 1808 quo
1142 1731 1223 1780 ma-

133 1837 183 1936 gis
201 1835 291 1910 haec
314 1833 557 1936 explicentur,
581 1836 627 1911 de
651 1841 731 1935 ejus
751 1838 862 1913 studii
886 1837 1022 1940 origine
1047 1850 1085 1913 et
1101 1838 1224 1914 incre-

133 1969 265 2043 mentis
288 1995 403 2069 pauca
431 1967 654 2045 disseramus.
691 1991 696 1998 '

132 2329 137 2336 Ι
180 2229 292 2330 Origo
319 2229 564 2332 philosophiae
598 2259 672 2305 non
703 2229 749 2305 ab
782 2256 858 2304 uno
888 2227 1046 2329 quodam
1078 2237 1225 2302 auctore

134 2364 333 2463 repetenda
356 2376 436 2457 est,
460 2364 522 2438 sed
544 2363 708 2439 ducenda
730 2389 775 2438 ex
798 2365 874 2463 ipso
891 2360 1114 2440 Graecorum
1132 2361 1228 2462 inge·

132 2499 197 2572 nio
228 2511 267 2574 et
294 2499 546 2594 humanitate,
578 2525 672 2599 quae
701 2523 820 2598 quum
848 2495 894 2570 ad
922 2493 1046 2570 cultus
1072 2495 1222 2568 maturi-

132 2641 246 2704 tatem
262 2631 501 2729 pervenisset,
514 2644 640 2730 sponte
655 2631 847 2704 hominum
865 2627 1003 2701 animos
1024 2625 1223 2728 quaerendi

132 2762 253 2836 undio
268 2763 462 2838 commovit
473 2773 511 2838 et
523 2761 569 2836 ad
582 2760 910 2861 philosophandum
922 2759 1086 2834 deduxit.
1102 2759 1222 2832 Prima

133 2895 338 2969 effloruerat
350 2896 515 2969 omnium
527 2895 661 2968 artium
682 2894 810 2993 poesis,
823 2889 1222 2992 parenshumanitatis3

133 3037 237 3100 erant
262 3031 389 3124 poetae
411 3025 522 3100 iidem
545 3025 729 3124 quondam
758 3037 867 3124 atque
887 3023 1065 3121 sapientes
1093 3034 1131 3096 et
1156 3047 1221 3096 va-

133 3167 207 3248 tes,
228 3155 370 3229 solertia
390 3157 516 3230 ceteris
533 3155 750 3230 excellentes
767 3169 805 3229 et
821 3155 944 3231 divino
957 3154 1101 3253 ingenio
1120 3177 1223 3254 prae·¹

134 3285 222 3380 diti,
249 3283 377 3386 quales
400 3285 499 3385 apud
523 3284 678 3361 Graecos
699 3285 926 3398 Eumolpus,
944 3289 1129 3378 Musaeus,
1145 3283 1220 3356 Or-

132 3419 266 3519 pheus,
279 3419 359 3513 alii,
376 3420 484 3494 fuisse
497 3421 679 3496 feruntur.
697 3423 745 3496 Hi
758 3421 865 3521 primi
882 3421 1016 3495 feroces
1029 3417 1218 3492 hominum

132 3578 248 3628 mores
272 3579 361 3631 voce
385 3553 588 3627 formarunt
615 3567 653 3628 et
674 3581 719 3629 ex
748 3555 877 3654 agresti
906 3553 1119 3652 incultaque
1148 3549 1220 3624 vita

132 3687 174 3762 ad
196 3687 384 3762 mitiorem
413 3686 557 3762 cultum
584 3687 849 3784 traduxerunt3
876 3687 984 3787 primi
1006 3681 1219 3758 celebranda

165 3945 209 4032 (⁹)
232 3943 427 4027 Xenophanis
445 3963 543 4010 sersus
561 3962 595 4006 ex
614 3941 846 4028 interpretatione
863 3939 901 4001 H.
927 3937 1031 4001 Grotii.
1057 3935 1124 4000 vid.
1146 3937 1221 3998 infra

127 4045 238 4129 Fragm
262 4042 349 4107 XVI.
