2840 4820
507 415 719 459 rnrooaornrn.
1067 397 1129 462 tta

76 555 284 653 Xenophanes
300 572 436 650 autem,
463 562 527 658 qui
543 569 575 632 τὸ
588 562 621 636 ὃν
641 563 833 662 appellavit
848 571 957 638 Donni
966 619 979 652 ‚
998 566 1043 640 de
1060 565 1128 640 hoc

75 687 130 732 noo
146 665 346 760 perlectum
367 665 459 740 illud
478 679 514 738 et
534 670 721 766 aequabile
742 670 868 744 dixisse
892 672 1043 746 videtur.
1064 673 1128 746 ld-
1152 761 1156 768 ἱ

73 794 126 864 que
151 769 305 866 probant
335 785 499 846 veterum
524 777 746 868 testimonia,
778 790 820 848 ut
840 778 1002 872 ejusdem
1034 775 1127 854 illud

72 875 199 946 Timonis
223 875 282 948 ²⁶:

266 1031 318 1046 ·-
347 1016 395 1048 -ὼ
423 995 497 1064 Θεὸν
514 990 654 1066 ε’πλάσατ’
687 993 742 1068 ἶσον
770 1009 882 1078 ἁπάντη

191 1173 196 1182 .
268 1105 390 1180 ἀσκηθῆ
418 1142 467 1152 -

69 1245 154 1310 Dwm
179 1249 277 1314 omni
306 1271 351 1314 aa·
376 1257 480 1338 porte
507 1252 682 1340 aequalem
719 1253 844 1316 statutt
874 1260 909 1318 ot
936 1253 1122 1341 intoqrum.

69 1345 142 1419 llaec
162 1362 289 1422 autem
318 1351 511 1450 aequalitas
541 1349 633 1424 illud
660 1351 834 1448 estquod
863 1353 908 1426 de
936 1353 1011 1428 Deo
1032 1353 1125 1428 sole-

69 1451 114 1522 bat
135 1458 365 1552 praedicare,
392 1473 496 1532 totum
522 1468 661 1532 omnino
685 1485 829 1532 cernere
851 1467 992 1554 ipsum,
1020 1476 1125 1534 lotum

70 1561 189 1654 ruha,
232 1577 341 1638 totum
367 1575 609 1660 capitumet
646 1589 721 1638 una
756 1569 801 1638 sit
832 1568 871 1637 in
898 1589 940 1640 eo
970 1579 1007 1639 et
1037 1593 1125 1665 per·-

69 1664 135 1737 lecta
150 1683 306 1744 naturae
328 1675 518 1748 consensio.
539 1672 671 1742 Eadem
693 1673 744 1746 vis
759 1673 977 1770 significatur
995 1675 1124 1770 sphoe-

70 1795 113 1843 rae
137 1777 399 1870 similitudine,
433 1795 527 1875 quae
560 1779 672 1848 forma
706 1778 866 1850 multum
894 1806 913 1850 a
943 1781 1125 1854 veteribus

70 1875 216 1954 celebrata
249 1897 290 1954 et
327 1909 346 1954 a
384 1883 600 1980 philosophis
626 1884 876 1978 perfectissima
905 1909 1046 1982 semper
1073 1897 1126 1960 est

70 1982 171 2056 habita.
190 1987 412 2088 Pythagorae
438 1989 503 2060 hoc
524 1987 697 2085 placitum
722 1989 891 2059 tribuunt
916 2003 1051 2063 veteres
1070 2003 1122 2062 ²⁷:

71 2104 107 2156 *tit
129 2105 288 2187 σχημάτων
312 2103 342 2166 τὸ
368 2099 506 2178 κάλλιςω
531 2115 656 2193 σφαῖραν
680 2092 755 2164 εἶναι
779 2109 834 2164 τῶν
860 2113 993 2194 ςερεῶν,
1019 2099 1123 2166 rotuli

70 2199 178 2270 hotlov
199 2208 323 2291 uhtu,
343 2205 452 2301 idque
485 2227 558 2273 uno
584 2227 645 2274 ore
674 2201 837 2300 plerique
863 2203 1062 2300 philosophi
1087 2213 1125 2277 et

73 2308 286 2382 mathematici
303 2312 581 2408 comprobarunt
607 2338 615 2381 :
646 2311 731 2382 hnic
759 2311 857 2382 enim
881 2311 1015 2384 formae
1039 2335 1122 2383 con·

73 2411 161 2508 liglsse
189 2431 235 2488 ut
259 2415 331 2488 sola
355 2443 476 2489 omnes
498 2416 948 2514 aliasligurasoontineat,
975 2418 1124 2514 ipsaque
1176 2447 1183 2458 ·
1268 2411 1275 2421 ⁸

74 2521 192 2592 omnino
222 2525 282 2595 sui
315 2523 437 2596 similis
466 2525 512 2594 sit
540 2535 577 2594 et
606 2520 763 2619 aequalis
786 2522 963 2619 (παντόθεν
993 2519 1046 2601 ἶσος
1074 2531 1127 2592 και*

71 2623 183 2726 ipone),
209 2657 330 2730 quum
360 2633 474 2703 omnis
505 2631 584 2721 ejus
613 2629 818 2702 extremitas
846 2629 991 2726 paribus
1019 2631 1125 2702 radiis

75 2735 209 2806 emedio
234 2739 433 2834 attingatur
459 2737 492 2806 ²⁸.
515 2737 589 2808 Hac
617 2737 754 2807 ratione
775 2735 921 2807 adducti
938 2749 1024 2807 sunt
1042 2737 1126 2834 phi-

74 2829 207 2934 losophi,
247 2855 291 2914 ut
326 2843 391 2914 hac
419 2844 530 2914 forma
555 2839 770 2938 pulcriorem
797 2839 955 2931 nullam,
984 2841 1124 2922 nullam¹

75 2965 172 3017 rerum
189 2950 416 3021 universitati
440 2949 612 3048 aptiorem
635 2948 796 3021 dicerent
822 2975 829 3019 :
857 2973 951 3046 quae
982 2959 1124 3021 senten·

74 3047 109 3118 lio
126 3051 346 3154 Pythagoreis
373 3081 457 3128 cum
487 3053 632 3127 Platone
670 3067 706 3126 et
737 3053 926 3126 Aristotele
960 3079 1125 3126 commu·

75 3157 114 3227 nis
138 3161 304 3260 deinceps
336 3165 443 3236 etiam
467 3191 487 3236 a
516 3159 787 3259 posterioribuS,
805 3161 1012 3257 praesertim
1035 3161 1123 3231 Stoi-

77 3262 128 3354 cis,
149 3267 298 3368 aliisque
324 3269 450 3342 adscita
479 3281 532 3341 est
561 3278 595 3338 ²⁹.
622 3265 735 3340 Italici
761 3279 884 3338 autem
909 3263 1124 3364 philosophi,

105 3493 156 3572 (ab)
175 3499 258 3581 Apud
288 3501 364 3560 Sext.
392 3498 472 3579 Emp.
501 3495 520 3556 l.
551 3497 570 3554 l.
602 3495 730 3564 desistis
758 3494 935 3556 Vocabulum
965 3496 1055 3554 rarius
1081 3505 1124 3552 est

78 3576 211 3664 Hesychius
218 3603 245 3648 et
259 3587 422 3648 Eustatlrius
432 3589 652 3668 interpretantur
660 3583 801 3658 ἐβλιβιίε.

108 3701 162 3784 (η)
178 3707 261 3788 Diog.
284 3707 376 3767 baert.
398 3707 489 3782 thl,
509 3705 557 3768 35.

109 3817 161 3968 iili
180 3823 277 3883 Cicero
290 3821 325 3882 do
343 3823 408 3884 Nat.
423 3823 467 3892 D,
490 3821 533 3894 ll,
552 3819 596 3882 18.
613 3839 677 3880 cum
696 3831 757 3879 not.
780 3818 909 3894 Davisii5
931 3813 965 3874 de
987 3815 1127 3877 Universa
1181 3797 1186 3804 .

82 3921 124 3982 0²1¹·
165 3955 174 3982 ‚
193 3913 263 3972 Ero.

111 4021 163 4102 (Ὅ)
178 4025 244 4086 vid.
274 4025 384 4086 Ocellua
403 4027 504 4086 Lucan.
524 4045 585 4107 cap.
609 4025 643 4099 l,
670 4046 700 4108 p.
729 4021 797 4100 514.
832 4034 861 4080 et
891 4020 1020 4080 Timaeus
1046 4019 1127 4080 bour.

85 4125 104 4182 1¹·
115 4107 160 4194 547
175 4137 212 4195 sq.
235 4115 306 4199 (ed.
328 4115 389 4176 Gal.
404 4117 415 4196 )
429 4117 508 4176 Plato
528 4117 558 4176 in
578 4115 692 4176 Timaeo
716 4135 744 4196 p.
758 4113 797 4174 33
808 4157 816 4188 ,
839 4111 872 4172 B.
892 4109 957 4174 coll.
977 4109 1128 4192 Wyttenb.
