3000 4844
419 461 422 465 .
532 427 567 473 ru
602 425 851 476 rannnumnu.
1187 415 1228 474 53

158 620 197 666 e,
230 591 288 654 102
322 591 362 652 al.
384 593 525 668 Quamvis
546 613 615 653 vero
638 593 792 676 ingeniosa
813 594 850 654 sit
869 591 945 654 haec
965 594 1019 655 riri
1041 593 1229 658 eruditissimi

156 697 333 780 conjectura
350 708 380 758 et
400 696 488 758 docte
509 698 666 778 exposita,
687 709 789 772 umen
811 719 829 758 a
850 698 968 780 vulgata
990 699 1119 760 lectione
1134 679 1230 762 disce·

154 801 291 862 deudum
320 800 395 862 milri
424 822 488 861 non
509 802 638 863 videtur.
681 803 710 864 Si
733 805 813 864 enim
834 803 944 864 Graece
965 801 1091 878 dicitur,
1113 815 1147 864 ut
1166 805 1229 886 ipse

154 907 310 984 concedit,
337 910 430 989 ἵμερος
461 913 549 975 tusae
570 917 664 990 wate,
698 909 804 994 quidni
827 909 930 970 eadem
953 909 1068 968 ratione
1087 908 1229 986 dicatur,

152 1021 234 1093 tuate
262 1013 311 1073 vel
340 1019 469 1092 derivato
491 1021 577 1083 iadau
597 1045 641 1095 με.
685 1017 748 1077 Hoc
769 1025 870 1076 autem
891 1034 1062 1096 pronomen
1082 1013 1169 1074 facile
1190 1035 1229 1075 ex

154 1117 401 1180 antecedentibus
422 1118 473 1178 hic
492 1121 620 1202 intelligi
641 1131 760 1203 potest,
790 1121 813 1180 si
833 1117 924 1180 verba
944 1119 986 1180 sic
1006 1118 1228 1202 explanenturr

152 1229 278 1305 ’ἔπεμπον
290 1253 327 1306 με
337 1231 384 1293 ἐπὶ
397 1234 492 1300 oleos,
507 1227 556 1306 ἐφ’
571 1229 630 1294 door
645 1234 801 1306 πίμπηθιι
820 1224 972 1306 (Φίρεσθιι)
987 1231 1068 1304 θυμός
1079 1251 1116 1306 με
1130 1233 1228 1294 ledros.

143 1330 212 1392 *Sed
222 1377 231 1406 ,
253 1331 343 1391 etiam
363 1331 450 1392 nullo
470 1329 626 1393 intellecto
642 1333 841 1413 pronomine,
864 1339 944 1412 lapte
959 1339 1046 1399 tam
1059 1331 1229 1414 siguificare

153 1447 254 1519 potest
267 1439 385 1496 artimus
398 1439 507 1512 tendit,
518 1436 684 1516 pertendit,
701 1435 835 1498 similiter
849 1449 883 1497 ut
897 1437 988 1520 vulgo
1001 1446 1081 1517 lapte
1095 1443 1229 1519 ὁρμᾶται.

154 1545 274 1602 caimos
293 1545 403 1624 serim
424 1541 506 1624 quod
527 1541 578 1602 hic
599 1543 712 1624 optime
733 1543 883 1624 congruit.

196 1645 303 1708 Sextus
333 1646 499 1728 Empiricus
524 1651 628 1722 innova
658 1627 800 1730 inteiligit
826 1656 880 1723 τὶς
907 1653 1032 1731 ἀλόγους
1060 1659 1110 1727 τῆς
1135 1659 1230 1732 ψυχῆς

155 1757 241 1834 &aaa
272 1781 307 1819 re
334 1759 383 1818 aei
408 1755 522 1833 ὀρέξεις.
546 1773 639 1836 quam
659 1753 936 1835 interpretationem
957 1757 1016 1817 sive
1037 1760 1230 1840 arrepserite
1285 1801 1289 1812 .

154 1859 381 1941 comparatione
404 1858 550 1920 Platonici
570 1857 652 1918 illius
671 1857 732 1919 loci
751 1857 784 1918 in
804 1857 961 1936 Phaedro,
992 1862 1053 1922 sive
1072 1863 1194 1924 duxerit
1214 1887 1231 1925 e

152 1963 375 2046 significatione
401 1963 541 2024 vocabuli
563 1970 680 2043 toust,
696 1962 779 2046 quod
807 1965 889 2046 apud
920 1965 1024 2052 doctos
1054 1977 1230 2052 visitatores

154 2071 248 2130 animi
269 2081 385 2152 partem
404 2080 510 2145 notat,
532 2068 571 2130 ab
592 2069 741 2130 hocloco
762 2081 842 2131 certe
862 2069 960 2132 aliena
980 2083 1033 2132 est.
1075 2073 1231 2136 Parmeni·
1284 2110 1288 2120 ·

153 2173 206 2236 des
227 2185 333 2236 contra
354 2195 446 2259 equos
466 2195 535 2236 suos
554 2195 628 2236 mox
647 2187 735 2236 vocat
754 2179 982 2258 πολυφρίστονς.

195 2282 244 2341 Vs.
267 2281 296 2343 2.
329 2274 400 2349 'amr
419 2282 451 2362 ρ’
471 2287 502 2354 ἐς
523 2279 595 2363 aaa)
636 2281 782 2353 Indicant¹
798 2281 888 2361 haec,
911 2307 973 2369 quo
993 2285 1147 2364 tenderet,
1169 2307 1230 2371 quo

153 2386 543 2470 serreturipsiusanimua.
584 2387 689 2470 ltaque
709 2391 772 2453 taret
794 2389 973 2450 vertendum
995 2412 1085 2471 paam
1096 2437 1106 2468 ,
1133 2393 1232 2472 riqui-

155 2495 231 2555 dem'.
275 2493 445 2557 latendum
476 2504 579 2554 tamen
609 2513 681 2558 cum
710 2491 882 2572 Brundisio,
912 2497 1063 2560 duriorem
1084 2497 1232 2558 hocloco

153 2621 215 2660 ease
234 2599 316 2660 hanc
336 2597 517 2681 particulam
525 2619 544 2672 ,·
556 2609 587 2659 et
598 2619 707 2681 parum
722 2611 791 2683 apte
805 2601 942 2683 copulari
954 2605 1142 2666 sententiam.
1163 2604 1233 2664 lion

153 2705 279 2766 mirarer
298 2704 321 2764 si
341 2715 412 2786 port
430 2711 540 2784 aetpm
560 2704 709 2787 quaedam
723 2705 962 2785 intercidissent,
985 2729 1020 2768 ae
1033 2707 1143 2770 deinde
1157 2707 1232 2770 haec

151 2809 320 2872 sententiae
335 2829 493 2891 perseum
508 2808 702 2892 sequentibus
719 2809 798 2872 male
809 2821 884 2874 esset
897 2811 1116 2896 conglutinata.
1138 2813 1234 2895 Auget

153 2917 236 2979 hanc
257 2915 480 2998 suspicionem,
511 2915 595 2999 quod
624 2936 697 2976 mox
719 2935 761 2978 rs.
784 2915 804 2976 4
829 2907 935 2978 eadem
955 2917 1017 2979 fere
1036 2915 1127 2979 verba
1146 2939 1234 3001 repe·

153 3035 280 3102 tantur,
304 3019 477 3106 cujusmodi
496 3023 634 3105 repetitio
653 3033 723 3105 post
742 3022 858 3107 aliquot
876 3045 1017 3086 versuum
1033 3025 1232 3086 intervallum

152 3128 270 3210 optime
290 3127 483 3204 conveniret5
494 3147 580 3186 nunc
591 3137 691 3190 autem
702 3127 804 3188 nescio
817 3127 971 3210 vernado
984 3127 1092 3209 frigida
1104 3128 1232 3189 videtur.

152 3233 185 3292 si
206 3253 277 3293 vero
298 3231 384 3292 nulla
405 3232 442 3292 sit
461 3231 571 3292 lacuna
582 3277 590 3307 ,
612 3230 681 3292 vide
701 3252 778 3292 num
798 3232 920 3294 fortasse
941 3235 982 3293 sic
1001 3233 1165 3315 legendum
1186 3235 1234 3294 sit:

273 3341 376 3413 ἵπποι,
397 3347 450 3404 oui
467 3366 504 3419 aa
524 3343 669 3420 dipsacos,
691 3341 753 3408 deas,
769 3337 799 3402 τ’
819 3342 865 3406 im
886 3345 966 3418 laute
978 3346 1068 3416 ,tussa

278 3437 435 3527 aetpnovr',
455 3451 519 3514 iusi
536 3446 568 3526 μ’
588 3451 619 3523 le
639 3449 699 3514 tite
717 3451 804 3524 dicar
825 3498 832 3512 .
856 3499 862 3512 .
888 3499 894 3512 .
1004 3499 1010 3512 .
1034 3498 1043 3521 ‚

279 3549 315 3632 ἢ
335 3556 458 3634 dapium
479 3567 548 3619 scat.

156 3657 279 3738 aliqui,
301 3659 353 3741 qui
376 3679 424 3722 me
443 3657 560 3720 vehunt
579 3671 610 3720 et
621 3681 683 3743 quo
699 3662 817 3722 animus
830 3661 937 3724 tendat
950 3661 1128 3738 deducunt,
1151 3673 1236 3743 post·

153 3782 247 3844 quam
280 3783 328 3824 me
355 3765 389 3824 in
411 3763 580 3848 Sapientiae
600 3766 680 3830 riam
701 3765 904 3846 detulerunt,
921 3768 956 3828 ei
968 3765 1136 3850 pergebam
1158 3765 1237 3826 eto.’'

154 3877 191 3926 ut
203 3877 355 3949 postrema
371 3869 483 3932 saciant
497 3871 643 3954 apodosin
650 3917 660 3948 ,
675 3869 883 3932 antecedentia
897 3871 1041 3953 protasia.
1063 3871 1120 3932 Sed
1133 3871 1166 3931 in
1177 3870 1236 3932 hu·

151 3971 291 4053 jusmodi
310 3971 385 4033 locis
397 3973 516 4073 lubrica
530 3986 574 4036 est
586 3976 828 4058 conjectura„-
841 3983 947 4055 βῆσαν,
960 3976 1054 4037 activa
1069 3987 1234 4059 potestate,

156 4074 219 4136 eid.
240 4075 329 4155 Iliad,
351 4106 387 4152 a,
409 4075 479 4140 438.
507 4078 642 4178 ¹l’indar.
663 4077 787 4163 Olymp.
809 4081 941 4159 v1,24.
963 4083 1070 4144 Vitiosa
1090 4081 1235 4144 nonnulli
