2870 4824
261 491 359 563 dium
371 503 528 564 nostrum
540 495 696 562 incitasti
712 491 773 560 sed
788 500 905 584 sponte
921 515 984 562 uos
997 495 1175 580 incitasti,
1190 501 1232 562 ut
1246 485 1360 584 apud

263 635 295 694 te
320 648 392 694 uno
417 628 517 696 illins
546 629 677 716 scripta
708 627 905 716 leperemus.
939 625 1062 736 Itaque
1091 627 1193 694 statis
1218 621 1356 693 diebus

262 755 397 828 mnam
421 769 516 828 tuam
537 756 838 840 conveniebamus,
866 755 929 826 ubi
955 779 1033 825 cum
1056 779 1119 826 nos
1143 760 1184 825 in
1209 759 1353 826 circulo

258 889 491 981 familiariter
502 887 686 960 admodum
703 886 915 958 considentes
928 883 1114 958 Platonem
1126 886 1347 981 tepebamus,

263 1029 302 1088 tu
325 1023 376 1088 ita
399 1042 530 1089 omnem
549 1021 747 1112 pbibesopbi
773 1027 917 1088 mentun
940 1016 1159 1110 explicabas,
1183 1021 1234 1087 ita
1257 1021 1346 1086 αηί-

259 1175 332 1221 mos
355 1161 491 1222 nostros
516 1161 573 1222 tuo
595 1149 791 1222 disserendi
808 1155 921 1246 lepore
934 1160 968 1220 et
990 1153 1162 1244 pravitate
1185 1149 1345 1220 movebas

260 1291 294 1354 et
318 1279 506 1354 delectabas
533 1294 573 1354 ut
583 1332 597 1368 ,
625 1293 745 1354 utrum
773 1287 883 1376 mapis
909 1285 1067 1352 Platonis
1084 1305 1146 1352 nos
1170 1285 1266 1352 lectio
1290 1303 1341 1351 an

262 1424 323 1484 tuo
352 1423 483 1484 teneret
513 1418 714 1508 humanitas
741 1425 775 1484 et
801 1419 998 1508 elepantia,
1030 1417 1135 1508 plane
1158 1417 1308 1484 nesciam
1320 1441 1338 1500 ;

261 1546 352 1619 illud
374 1558 528 1638 certum,
556 1558 651 1617 tanto
676 1570 738 1617 nos
755 1557 816 1617 tua
832 1569 909 1617 ooce
936 1552 1093 1616 incensos
1119 1569 1193 1615 esse
1217 1548 1337 1616 Plato-

260 1682 361 1750 nicae
376 1677 614 1772 philosophiae
634 1677 750 1748 studio
773 1687 808 1750 et
828 1701 972 1762 amore,
993 1689 1034 1748 ut
1052 1678 1336 1772 numquam-sere

260 1811 335 1878 nisi
355 1811 555 1884 britanicum
579 1831 601 1876 a
640 1817 672 1878 te
707 1805 990 1890 discesserimus,
1018 1816 1052 1876 et
1070 1804 1338 1898 pomeridianas

259 1943 340 2010 illae
364 1943 532 2010 sessiones
548 1961 672 2008 reuera
688 1937 789 2008 nobis
804 1935 1008 2008 uiderentur
1031 1935 1279 2030 disputationes
1295 1940 1339 2006 in

259 2068 459 2143 Academia.
482 2071 541 2141 Ibi
564 2083 679 2141 autem
705 2095 813 2166 quum
835 2095 936 2164 saepe
959 2070 1000 2141 de
1026 2073 1144 2141 multis
1165 2076 1337 2142 sermoci-

259 2223 430 2271 naremur
453 2207 580 2271 ceteris
600 2204 837 2294 pbilosoplsiao
860 2201 1122 2296 quaestionibus
1132 2251 1147 2286 ,
1175 2211 1248 2271 tum
1280 2206 1338 2271 in-

260 2329 395 2402 terdum
412 2355 546 2426 quoque
570 2355 681 2401 sermo
705 2329 832 2402 incidit
851 2335 893 2401 in
912 2337 1047 2425 priscos
1067 2336 1143 2402 illos
1158 2335 1231 2402 sice
1242 2335 1336 2425 pbi-

260 2467 412 2556 losopbos
433 2469 504 2532 sioe
528 2467 718 2556 sapientes,
731 2486 755 2530 o
767 2462 896 2556 quibus
913 2487 982 2532 non
997 2487 1113 2556 pauca
1130 2461 1337 2534 viderentur

257 2594 407 2686 fluxuse
417 2643 433 2678 ,
457 2616 546 2688 quoe
570 2593 730 2664 Platonis
755 2597 946 2664 illustravit
966 2597 1156 2687 incenium.
1181 2598 1234 2664 De
1257 2599 1340 2689 qui-

259 2725 325 2795 bus
348 2749 456 2818 quum
481 2749 540 2817 eqo
556 2723 747 2794 studiosius
765 2744 997 2817 quaererem,
1023 2729 1247 2810 memineris,
1275 2729 1336 2796 oir

256 2859 578 2950 praestantissime,
610 2867 641 2926 to
668 2853 857 2950 aliquando
895 2880 947 2925 me
988 2879 1062 2926 esse
1096 2861 1270 2928 hortatum
1301 2867 1343 2926 ut

259 2985 437 3079 dispersas
446 3011 566 3058 eorum
579 2989 752 3082 reliqmas
765 2990 966 3057 accuratius
978 2991 1187 3081 collioerem,
1203 2998 1239 3058 es
1251 2985 1344 3082 quod

259 3141 344 3210 opus
365 3121 438 3200 iam
459 3115 597 3210 pridem
619 3115 730 3188 Henr.
765 3113 989 3211 Stephanus,
1014 3115 1107 3187 edita
1131 3115 1231 3187 Poisi
1253 3115 1341 3213 phi-

260 3242 455 3342 losophice,
476 3251 688 3342 inchoasset,
696 3243 965 3342 exaedificarem
986 3258 1021 3316 et
1029 3247 1238 3340 perficerem.
1252 3250 1342 3318 Pro-

255 3381 410 3472 positum
434 3381 590 3470 placuit,
612 3377 722 3476 ,idque
748 3377 888 3448 initium
915 3381 1004 3448 miti
1028 3380 1105 3470 suit
1127 3378 1342 3471 sssscipiendi

261 3513 397 3602 operis,
425 3507 517 3604 quod
538 3507 745 3604 confidebam
766 3519 827 3580 tuo
851 3531 904 3578 me
928 3531 1032 3602 opero
1057 3519 1181 3603 tuoque
1200 3515 1342 3580 consilio

258 3639 419 3730 adjutum
435 3663 503 3709 non
529 3641 722 3732 infeliciter
740 3639 952 3734 effecturum.
979 3639 1045 3710 Sed
1065 3663 1135 3712 non
1157 3645 1209 3711 ita
1234 3645 1340 3712 multo

256 3779 334 3864 post
351 3769 497 3855 accidit,
524 3779 564 3842 ut
583 3775 623 3840 in
644 3767 875 3842 Athenaeum
896 3767 1129 3843 Bruxellense
1152 3770 1200 3839 ad
1215 3777 1339 3841 literas

259 3899 427 3972 docendas
449 3905 516 3972 sim
542 3912 704 3988 vocasses,
730 3901 820 3996 quod
846 3925 974 3972 munus
997 3913 1037 3973 ut
1060 3901 1181 3972 lubens
1201 3908 1315 3995 accepi
1324 3955 1338 3988 ,

259 4030 354 4104 dolui
371 4042 483 4104 tamen
507 4031 598 4128 quod
624 4045 658 4105 et
673 4038 781 4104 ueteri
803 4032 1070 4120 consuetudine,
1089 4043 1148 4104 tua
1171 4037 1337 4119 marimo,
