2840 4820
479 329 659 386 aanrcuraa.
1070 314 1112 380 71
1239 313 1245 338 '¹

58 488 180 554 amnicis
191 507 261 556 ιιοιι
277 483 492 574 defectarum
501 512 515 572 ‚·
533 482 582 556 sic
599 481 767 557 Herodot.
791 483 883 578 Vll,
916 477 982 584 187
1009 482 1114 580 dicit,

56 593 172 686 rpbtaar
198 597 236 661 τὰ
265 590 381 689 ῥέεθρα
410 607 466 660 τῶν
491 608 625 684 ποταμῶν
639 631 661 684 ‚-
678 593 869 686 fluminum
897 618 1026 690 aquam
1052 595 1115 666 da-
1160 663 1164 674 ,

55 703 164 790 [eram
188 699 234 770 cf.
281 699 445 772 Baebius.
481 698 674 772 Caeterum
703 700 840 800 siquis
869 725 890 774 e
919 700 1020 774 codd.
1048 727 1115 802 pro

55 806 115 900 2·th
142 803 240 878 malit
262 806 357 886 ἄλλος
382 817 418 879 et
443 831 508 904 pro
529 807 628 880 ὤπασε
649 807 810 906 recipere
839 807 941 896 clun,
963 834 1036 881 non
1054 810 1115 884 ad·
1229 827 1237 865 ‘=

55 912 196 986 versabor.

81 1070 124 1122 rs.
151 1044 184 1118 6.
214 1046 328 1127 ἄνθεος
354 1049 528 1141 ὁοδόμενος,
557 1047 684 1122 vinum
711 1073 821 1124 suave
850 1046 976 1137 olens,
1000 1075 1116 1148 gene-

54 1177 164 1246 rosum,
181 1155 281 1253 quod
300 1161 467 1249 ἀνθοσμίαν
483 1155 714 1254 appellabant
739 1169 901 1248 veteres,
925 1167 971 1230 ut
991 1169 1116 1234 monet

53 1257 351 1336 teramnanavid.
363 1263 539 1360 Aristopb.
552 1253 644 1336 Rau.
657 1290 708 1338 vs.
727 1263 832 1338 1150.
847 1261 923 1363 (ed.
936 1261 1115 1364 Brunclr.)

52 1366 121 1440 idem
148 1369 245 1446 Plut.
284 1371 375 1463 808,
404 1397 491 1446 cum
520 1385 643 1446 annot.
672 1372 877 1448 Hemsterb.
907 1384 945 1448 et
971 1371 1116 1448 Alberti

53 1474 82 1547 ad
99 1477 239 1578 llesycb.
263 1479 304 1550 in
329 1479 366 1551 b.
392 1507 426 1554 v.

85 1643 122 1688 rs.
155 1643 209 1690 11.
245 1623 317 1690 αὐτὸ
339 1628 425 1714 μέσον
459 1619 598 1696 dictum
628 1621 774 1700 videtur
806 1647 872 1720 pro
901 1625 930 1694 ἐν
960 1620 1041 1717 αὐτῷ
1071 1613 1116 1718 cpi

52 1731 125 1818 μόνῳ,
158 1725 276 1800 veluti
316 1735 403 1820 μέσον
436 1726 648 1826 simpliciter
673 1730 832 1826 positum
868 1753 935 1826 pro
973 1736 1004 1800 ἐν
1033 1737 1116 1824 μέσῳ

51 1834 185 1928 usurpari
215 1830 319 1906 solet.
352 1831 467 1905 Simili
499 1835 637 1906 ratione
665 1831 773 1930 plura
801 1833 994 1932 composita
1026 1845 1114 1907 sunt

52 1935 209 2033 adverbia,
241 1939 455 2014 velariana
486 1953 598 2036 μόνον,
627 1943 697 2014 αὐτὸ
726 1959 854 2039 χρῆμα,
882 1967 977 2039 quac
1006 1939 1114 2014 illus-

51 2053 99 2116 tnt
127 2049 265 2122 Bestius
293 2049 361 2146 Ep.
395 2049 474 2122 crit.
501 2075 537 2146 p.
576 2047 666 2138 135,
697 2048 789 2148 Lips.
823 2050 911 2122 item
943 2052 1112 2147 αὐθῆμαρ,

51 2155 161 2252 alta&
180 2153 403 2234 Welclrerus
416 2156 461 2230 ad
483 2157 680 2258 Theognid.
703 2183 738 2255 p.
766 2155 825 2234 50.
844 2155 967 2230 scribit
988 2161 1111 2250 αὐτόμοι

50 2287 100 2352 σν,
115 2287 182 2336 una
199 2289 300 2338 voce.
322 2262 416 2356 Quia
443 2275 566 2338 tamen
588 2263 650 2336 illa
673 2263 783 2336 dictio
797 2287 941 2360 prorsus
958 2261 1111 2340 insolens

50 2377 101 2456 est,
121 2370 372 2470 corrigendum
399 2369 542 2444 fortasse
566 2369 752 2445 videbitur
775 2369 814 2442 οἲν
837 2375 868 2440 τὸ
887 2378 990 2464 μέσον,
1009 2369 1106 2468 quod

49 2465 129 2548 babet
159 2477 318 2576 Theogn.
352 2503 401 2550 vs.
437 2477 521 2578 837.
556 2477 711 2552 Lexicon
745 2474 781 2546 S.
817 2471 1025 2548 Germani:
1053 2483 1112 2548 ἀνὰ

49 2587 128 2670 μέσον,
144 2591 206 2654 ιἰντὶ
229 2597 279 2655 τοῦ
307 2589 335 2656 ἐν
360 2591 462 2678 μέσῳ.
475 2577 647 2683 Ἀντιφάνης
670 2577 820 2653 Ἀδώνιδι.
839 2579 921 2653 Vid.
937 2581 1029 2654 Bast.
1044 2580 1068 2654 l.
1085 2580 1108 2653 l.

51 2705 73 2778 p.
97 2685 175 2782 133,
202 2703 280 2764 not.

81 2851 119 2898 u.
152 2829 205 2902 13.
233 2829 372 2904 Versus
396 2830 455 2904 bic
485 2831 534 2902 ita
568 2829 688 2904 editus
711 2839 802 2902 est:

118 3003 174 3090 χρὴ
191 2995 224 3065 δὲ
249 3010 361 3092 πρῶτον
385 2998 440 3088 μὲν
462 2976 537 3065 θεὸν
555 3001 653 3086 ὑμνεῖν
674 2987 812 3089 εὔφρονας
835 2987 959 3086 ἄνδρας.

50 3179 150 3258 Parum
164 3215 372 3280 numerose,
389 3215 453 3262 nos
470 3215 536 3286 pro
549 3198 648 3283 ὑμνεῖν
664 3185 867 3285 recepimus
880 3191 990 3280 ὐμνὲν,
1008 3186 1109 3285 quod

50 3301 73 3360 et
90 3308 166 3367 vett.
193 3297 286 3371 Edd.
310 3311 347 3372 et
363 3297 441 3370 llss.
465 3294 772 3396 schweighauseri
789 3306 965 3389 tuentur,
986 3319 1109 3393 neque

49 3397 284 3501 alenophane
309 3409 420 3504 magis
445 3403 607 3478 alienum
634 3403 780 3478 videtur
804 3426 915 3499 quam
940 3403 1107 3494 ὁσδόμεννς,

50 3500 132 3579 loma
158 3523 359 3610 utrumque
382 3513 535 3584 Dorica:
557 3511 606 3583 εἰσ
628 3509 762 3602 verba,
786 3533 1010 3607 quamquam
1033 3531 1108 3578 non

50 3609 210 3689 admodum
244 3620 436 3710 suaviter,
463 3619 600 3692 cadunt
633 3630 756 3689 tamen
789 3615 1029 3688 numerosius.
1058 3653 1108 3668 -

50 3709 78 3784 I¹1
89 3743 129 3791 vs.
145 3749 194 3822 sq.
214 3728 334 3824 recepi
352 3733 512 3825 καθαροῖσι
531 3733 599 3804 νόοις
613 3751 678 3822 pro
695 3722 796 3820 vulg.
822 3729 899 3792 καθ.
914 3725 1016 3815 λόγοις,
1032 3743 1108 3816 qun

52 3819 137 3900 inanis
156 3833 347 3907 verborum
363 3837 538 3934 ¹repetitio
555 3840 660 3928 μύθοις
680 3845 716 3905 et
740 3835 833 3928 λέγοις
848 3831 1026 3917 evitatur;
1044 3827 1107 3900 de-

52 3922 130 4004 batur
150 3938 236 4015 baec
253 3943 457 4016 emendatio
481 3941 728 4030 Eichstaedin‚
745 3961 911 4035 eamque
939 3935 1104 4034 probavit

52 4031 228 4123 Welclerua
258 4051 303 4124 ad
333 4052 525 4152 Theognid.
554 4051 578 4123 l.
610 4049 634 4122 l.
666 4049 883 4148 Comparant
921 4044 1106 4120 Plutarchi
