2870 4824
274 327 319 392 56
716 348 912 390 xrrornsrrrs

271 493 456 594 probabile
469 494 532 586 sit,
549 492 647 592 quod
663 493 747 566 clar.
766 493 933 566 Cousinio
950 494 1111 587 videtur,
1129 521 1277 570 carmen
1293 496 1380 571 hoc

273 629 294 674 a
312 599 548 699 Xenophane,
568 625 652 672 cum
669 599 809 690 Veliae,
827 626 901 698 quo
925 604 1122 699 provectior
1141 605 1215 697 jem
1240 615 1378 676 aetate

272 736 309 784 se
333 707 551 800 contulerat,
577 721 796 802 versaretur,
825 709 932 782 fuisse
951 711 1206 808 compositum.

321 843 378 894 vs:
388 815 422 888 3.
436 824 647 914 ὑποτρώγοντα,
661 817 812 889 edentem
825 823 920 889 inter
935 819 1119 890 bibendum
1133 845 1145 889 .·
1158 817 1246 891 haec
1260 819 1377 890 enim

272 923 327 996 vis
349 935 401 996 est
425 923 693 1020 praepositionis
717 929 780 994 ὑπὸ.
795 922 950 1022 Corayus
967 921 1038 1022 legi
1064 921 1220 997 malebat
1238 933 1376 1021 ἐπαρώ-

272 1025 360 1126 γονί,
388 1029 486 1130 quod
511 1041 652 1104 rectum
675 1029 825 1130 quidem
838 1043 902 1123 est,
921 1043 1081 1104 ettamen
1104 1057 1177 1103 non
1200 1055 1372 1104 necessa-

272 1141 380 1213 rium.
398 1141 453 1213 De
474 1141 668 1212 crehintlris
685 1140 756 1240 agit
774 1139 810 1214 h.
833 1138 858 1211 l.
883 1139 1116 1234 Athenaeus3
1147 1139 1373 1213 Eustathius

272 1246 316 1319 Il.
343 1279 375 1341 v,
400 1274 436 1347 p.
460 1247 544 1346 948.
571 1245 596 1318 l.
621 1247 669 1338 40
687 1275 695 1318 :
716 1249 880 1345 ἐρεβίνθων
910 1249 942 1318 δὲ
972 1256 1055 1341 μνεία
1084 1253 1135 1318 καί
1161 1255 1243 1346 παρὰ
1272 1249 1370 1320 Ξενο-

277 1363 377 1452 φάνει,
404 1365 442 1434 ὠς
466 1369 587 1450 χρηςῶν
611 1352 703 1424 ὄντων
728 1361 757 1424 ἐν
781 1364 941 1448 ονριποσιλρ·
967 1361 1033 1452 φησί
1055 1361 1122 1450 γὰρ.
1165 1387 1166 1394 “

373 1536 490 1607 πίνοντα
515 1537 620 1629 γλυκὺν
644 1529 734 1623 οἶνον,
760 1529 944 1632 ὑποτρώγοντ’
969 1537 1146 1634 ἐρεβίνθως.

326 1755 377 1803 vs.
405 1727 440 1802 5.
466 1741 481 1800 ὸ
495 1733 604 1814 Μῆδος.
618 1729 758 1802 Medum
771 1728 830 1802 hic
842 1729 913 1802 dici
935 1755 1009 1802 non
1022 1731 1172 1804 Darium
1185 1739 1248 1803 out
1270 1727 1365 1802 Xer-

275 1861 376 1928 xem,
393 1837 454 1910 sed
468 1837 552 1936 Cyri
566 1837 760 1936 superioris
775 1836 908 1910 ducem
920 1838 1150 1936 Harpagum,
1168 1836 1233 1936 qui
1253 1837 1366 1910 Iones

276 1942 495 2037 debellavit,
533 1945 608 2038 jem
643 1945 865 2018 monuimus.
911 1943 1083 2016 Similiter
1116 1945 1155 2015 in
1190 1941 1362 2041 Theolog.

273 2053 393 2125 Aritlr.
416 2079 525 2152 snpra
549 2079 585 2150 p.
608 2053 631 2144 4
654 2054 876 2126 mentionem
900 2053 1056 2128 vidimus
1080 2071 1128 2136 τῆς
1154 2057 1206 2125 ὑπὸ
1227 2051 1364 2150 'Aproi-

139 2249 145 2257 '
233 2243 237 2250 Ι
276 2189 342 2253 γον
364 2177 410 2230 τοῦ
435 2162 571 2240 Μήδου
592 2153 696 2260 ’λώνων
721 2163 882 2256 πολιορκίας
906 2167 957 2231 καί
979 2170 1158 2246 ἀναςίισεως.

759 2377 877 2446 XVIII.

328 2585 504 2684 Diogenes
526 2581 688 2657 Laertius
711 2579 817 2674 VIII,
846 2581 918 2676 36,
945 2607 966 2656 e
993 2583 1221 2681 Xenophanis
1247 2581 1363 2683 elegia

278 2691 435 2794 quadam
463 2691 526 2762 hos
552 2715 675 2767 versus
698 2689 846 2783 laudat,
874 2690 940 2788 qui
966 2691 1010 2763 ad
1039 2691 1256 2791 Pythagorae
1284 2717 1361 2766 me-

279 2799 540 2902 tempsychosin
570 2811 732 2898 spectant
758 2825 766 2872 :
796 2805 861 2898 περὶ
892 2801 924 2870 δὲ
955 2814 1000 2870 τοῦ
1026 2801 1130 2870 ἄλλοτε
1160 2801 1251 2872 ἄλλον
1279 2829 1362 2898 γεγε-

278 2917 389 2993 νῆσθαι
414 2909 573 3006 Ξενοφάνης
597 2916 626 2979 ἐν
651 2906 768 3002 ἐλεγείᾳ
792 2926 1023 3004 προςμοιρτυρεῖ,
1049 2904 1083 2988 ἦς
1106 2916 1198 3003 ἀρχή·

329 3084 392 3152 Νῦν
420 3109 465 3152 ων
490 3075 513 3150 τ’
541 3079 631 3151 ἄλλον
660 3079 756 3171 ἔπειμι
790 3083 894 3174 λόγον,
925 3081 1010 3172 δείξω
1036 3080 1234 3150 οἳκολενθον.

279 3241 296 3309 ὃ
322 3239 354 3309 δὲ
377 3243 444 3334 περὶ
467 3241 549 3308 αὑτοῦ
575 3241 657 3335 φησίν
681 3237 767 3317 citos
791 3236 871 3328 ἔχει·

379 3445 430 3528 καί
451 3437 519 3510 ποτέ
541 3467 590 3531 μιν
616 3440 827 3534 ςνφελιζομένον
851 3439 994 3514 σκύλακος
1017 3441 1153 3530 παρίοντα

420 3553 511 3645 ,φασίν
535 3555 708 3644 ἐποικτεῖραι
733 3550 784 3614 καί
807 3547 871 3617 τόδε
896 3550 1011 3643 φάσθαι
1036 3543 1121 3620 ἔπος·

378 3667 512 3744 παῦσαι,
537 3655 609 3747 μηδὲ
635 3647 760 3752 ῥάπιζ’,
788 3661 867 3736 ἐπειὴ
892 3655 970 3750 φίλον
997 3659 1092 3748 ἀνέρος
1115 3651 1161 3730 ἐςὶ

365 3817 369 3824 .
428 3767 528 3852 ψυχὴ,
555 3777 604 3842 τῆς
628 3759 721 3854 ἔγνων
745 3763 953 3858 φθεγξαμένης
977 3757 1059 3829 ἀΐων.

283 3907 313 3978 Ε
340 3905 499 4005 Diogene
525 3908 667 3982 eosdem
691 3903 814 3984 versris
842 3907 1026 4005 descripsit
1054 3903 1181 3980 Suidas
1214 3931 1247 3980 v.
1277 3907 1354 3976 Ξενι-

285 4025 382 4111 φάνης.
407 4013 561 4090 Carmen
589 4016 656 4088 hoc
679 4040 700 4088 e
722 4013 897 4088 didactieo
920 4039 1053 4113 genere
1084 4014 1213 4108 fuisse,
1249 4015 1353 4112 prima
