2870 4824
441 403 515 446 vrrs
539 403 576 445 κν
601 403 724 446 sunnin.
1099 383 1121 445 3

78 571 203 656 crepent,
214 569 421 656 temporum
435 557 704 656 computatione
721 555 869 657 patebit.
882 557 992 634 Hiero
1012 557 1121 657 Syra-

76 669 264 740 cnsisrerum
277 665 414 763 potitus
426 677 479 738 est
491 665 712 766 Olympiadis
727 664 786 766 75.
801 685 849 737 a0.
868 661 907 758 33
919 667 1016 740 inter
1026 665 1122 740 hanc

76 775 156 872 igitur
171 783 206 846 et
217 774 265 866 40
283 769 537 870 Olympiadem
555 785 705 845 centum
723 783 761 846 et
780 771 1014 872 quadraginta
1035 773 1123 845 anni

75 883 247 953 intersunt:
271 879 376 953 unde
399 877 501 952 facile
525 893 675 978 apparet
698 880 979 978 Xenophanem,
995 881 1024 952 si
1044 905 1122 978 pos-

75 1000 157 1061 trema
166 987 227 1060 lrac
237 985 453 1086 Olympiade
466 999 573 1060 natus
585 987 713 1076 fuerit,
729 1013 802 1060 non
816 987 921 1059 modo
933 987 1122 1086 aequalem

75 1097 186 1168 Hieroni
211 1121 285 1166 non
311 1095 443 1182 fuisse,
474 1093 536 1167 sed
563 1119 611 1167 ne
635 1095 811 1192 attingere
838 1093 986 1192 quidem
1010 1093 1123 1192 huJus

76 1215 192 1275 aetatem
210 1201 380 1300 potuisse.
402 1201 448 1272 In
474 1199 542 1274 hoc
570 1202 855 1274 testimoniorum
877 1200 1037 1274 dissensu
1065 1227 1123 1276 ce·

76 1309 120 1379 teri
136 1309 255 1406 partim
270 1307 374 1379 hunc
390 1307 522 1404 partim
539 1305 646 1380 illum
664 1318 882 1406 sequuntur.
900 1306 994 1379 Cum
1012 1307 1123 1406 Apol·

76 1412 162 1485 lndorc
171 1415 339 1512 congruit
351 1413 465 1511 gravis
481 1413 568 1485 item
582 1427 706 1486 auctor
722 1415 844 1486 Sotion
860 1411 958 1512 apud
973 1413 1122 1516 Diogen.

76 1521 156 1594 lairt.
165 1521 222 1592 IX.
241 1521 299 1612 18,
310 1521 377 1618 qui
389 1519 576 1618 aequalem
586 1518 692 1594 illum
704 1522 829 1594 statuit
838 1521 1123 1618 Anaximandro,

77 1629 117 1724 qni
129 1627 260 1726 Olymp'.
280 1629 330 1718 42
348 1639 454 1699 natus
465 1639 541 1720 est,
559 1639 640 1699 tum
655 1627 764 1701 etiam
776 1629 905 1702 Sextus
921 1616 1151 1727 Empiricus'

79 1731 311 1808 adnllathem.
341 1735 360 1802 I
373 1785 387 1820 ‚
416 1759 447 1805 c.
480 1759 535 1804 12.
565 1745 649 1806 sect.
684 1733 766 1832 257.
793 1733 859 1830 qui
892 1734 988 1806 inter
1030 1734 1125 1808 diffi-

79 1839 180 1914 ciliores
193 1841 510 1943 grammaticorum
529 1839 755 1939 quaestiones
770 1839 837 1912 hoc
851 1852 1022 1938 tanquam
1037 1867 1125 1940 pro-

75 1945 167 2022 nrum
194 1951 321 2049 ponit,
349 1949 390 2020 ἔτι
416 1949 576 2046 Ξενοφάνης
601 1958 616 2017 ὁ
641 1951 813 2046 llclnpsivnc
838 1953 949 2042 ἐγένετο
974 1957 1039 2047 rrepr'
1074 1962 1126 2036 τὴν

75 2067 362 2156 τεσσαρακοστὴν
383 2050 585 2148 Ὀλυμπιάδα.
600 2055 743 2126 Timaeo
756 2079 841 2129 vero
854 2055 1004 2153 propius
1027 2083 1127 2131 acce*

74 2163 133 2236 dere
143 2167 282 2238 ridetur
297 2163 496 2254 Eusebius,
510 2175 635 2236 auctor
647 2187 720 2234 non
734 2161 930 2235 admodum
946 2162 1124 2263 locuples,

75 2270 99 2341 in
114 2271 266 2371 Praepar.
292 2272 364 2344 Eu.
390 2271 484 2342 XIV.
511 2297 545 2368 p.
579 2269 674 2370 757,
702 2283 793 2343 eutr.
828 2273 1054 2369 Ξενοφάνης-
1076 2279 1127 2347 λε’·

74 2406 131 2468 petet
153 2391 339 2474 σννακμάσαι
376 2399 432 2457 τοῖς
468 2384 541 2476 ἀμφὶ
572 2384 756 2474 Πυθαγόραν
797 2383 847 2448 καὶ
878 2371 1085 2477 Ἀναξαγόραν
1099 2379 1123 2453 ⁴.

73 2483 126 2554 llon
140 2484 372 2559 luculentum
387 2483 545 2582 profecto
560 2485 806 2556 testimonium
823 2510 830 2554 :
847 2483 1027 2580 siquidem
1045 2492 1126 2583 Py-

74 2595 204 2684 tlrpnrns
221 2605 261 2664 et
274 2591 528 2685 Anemoreia,
541 2611 632 2686 quos
646 2588 710 2660 ille
724 2587 838 2659 veluti
852 2587 1018 2687 aequales
1033 2617 1126 2664 con-

72 2696 183 2794 jungit,
203 2710 352 2770 tantum
373 2707 489 2768 aetate
505 2693 701 2786 distabant,
718 2707 762 2766 ut
779 2695 881 2793 prius
898 2721 1012 2792 paene
1035 2695 1127 2772 alter

73 2815 206 2876 nonnus
245 2814 338 2876 esset
362 2827 472 2899 quam
500 2811 608 2874 natus
633 2799 747 2893 alter,
785 2801 853 2874 nisi
879 2801 947 2874 hoc
981 2803 1127 2880 fortasse

72 2905 221 3003 soluerit,
248 2909 479 3006 Xenophanis
495 2921 650 2981 aetatem
673 2910 722 2979 ita
746 2908 843 2997 inter
858 2919 1060 3008 utrumque
1076 2913 1130 2984 in·

73 3019 260 3111 lacessisse,
285 3017 456 3091 utillum
483 3031 574 3090 natu
596 3020 768 3112 majorem
785 3014 1005 3110 adolescens,
1028 3019 1129 3095 huno

74 3121 307 3199 adolescentem
332 3150 440 3198 senex
466 3123 607 3200 viderit.
635 3123 716 3216 Qua
734 3123 1031 3220 interpretatione
1054 3127 1129 3201 Eu·

74 3227 137 3300 atii
160 3235 250 3304 ratio
274 3257 359 3304 cum
382 3232 524 3303 Timaeo
546 3243 692 3328 “prorsus
716 3231 936 3304 conveniret.

105 3337 174 3408 lam
192 3351 237 3411 ut
250 3363 310 3410 eos
323 3337 508 3428 omittam,
529 3337 594 3436 qui
620 3337 881 3436 Xenophanem
911 3341 1130 3436 Empedoclis

74 3445 235 3542 aequalem
265 3458 329 3518 aut
364 3447 535 3518 Archelai
572 3445 773 3518 auditorem
809 3443 949 3518 faciunt
973 3443 1008 3540 ⁵,
1035 3472 1131 3548 quo-

102 3655 135 3734 (l)
155 3656 232 3718 Idem
257 3659 359 3739 repetit
386 3659 517 3740 Praepar.
541 3657 598 3716 Eu.
617 3657 663 3731 X,
690 3679 719 3738 p.
739 3656 810 3734 504.
831 3659 862 3718 C.
884 3657 1006 3738 Syncell.
1025 3657 1131 3720 Chron-

73 3762 93 3821 ν.
111 3767 181 3828 ¹9⁰».
199 3751 270 3810 203.
298 3748 577 3827 quodtestimonium
599 3745 758 3827 repudiarit
780 3748 834 3826 jam
853 3745 1025 3806 Schaubach.
1054 3752 1131 3809 Ana·

74 3851 150 3914 tegor.
167 3839 267 3920 fragm.
293 3861 322 3920 p.
347 3839 375 3900 5.
399 3840 501 3898 Caussa
521 3841 579 3920 ejus
598 3839 701 3897 erroris
718 3835 787 3896 haec
806 3835 918 3895 videtur
936 3837 1034 3914 fuisse,
1055 3839 1133 3918 quod

75 3935 115 3984 tres
132 3929 190 3990 illos
210 3929 407 4011 philosophos,
430 3943 461 3989 ut
483 3929 611 3988 doctrina
632 3944 660 3990 et
682 3929 789 3988 ratione
810 3927 884 3986 inter
903 3949 932 3987 se
952 3927 1067 4008 affines,
1091 3931 1132 3991 sic

76 4026 145 4078 aetate
162 4019 244 4078 etiam
263 4040 344 4100 pares
364 4041 422 4080 esse
441 4032 589 4101 putarunt,

105 4107 141 4188 (5)
158 4111 326 4192 Hermippus
351 4109 425 4192 apud
448 4112 566 4190 Diogen.
594 4111 625 4172 L.
646 4111 731 4184 Vlll,
757 4108 805 4172 56.
837 4113 1046 4191 Empedoclem
1069 4134 1132 4174 cum

943 4211 984 4283 Ι*
