2942 4830
535 387 773 436 rmnososma.
1127 371 1187 434 261

121 547 229 649 buius
245 548 452 626 diversitatis
469 553 608 649 repetiit
623 579 643 626 a
660 553 785 628 mundi
801 551 1012 652 primordiis,
1038 555 1189 654 lingens,

120 684 323 770 utrumque
348 696 493 763 sexum,
521 687 564 744 ut
585 676 755 785 temperie
780 673 980 765 diversum,
1004 675 1109 748 sicin
1131 673 1196 776 dl‘.

122 792 230 866 versis
248 791 429 892 quondam
445 791 537 866 orbis
552 792 754 892 regionibus
769 797 957 869 exstitisse:
982 795 1030 870 τα
1040 800 1101 892 μὲν
1113 799 1191 895 τρδι

120 917 193 994 ταῖς
215 913 347 1011 ἄρκτοις
364 913 478 1010 ἄρ’ρειια
500 915 719 1009 βλαστῆσαι,
739 924 798 990 τοῦ
814 917 882 1015 γαρ
895 927 1017 994 τιιιιισῦ
1032 919 1191 1020 μετέχειν
1224 983 1228 1002 .

118 1037 277 1117 πλείονος·
300 1036 348 1111 τα
373 1033 409 1113 δὲ
431 1038 509 1134 τρὶς
535 1041 606 1118 ταῖς
630 1038 851 1136 μεσημβρίαις
877 1037 996 1132 θήλεα,
1021 1041 1113 1139 rapt
1137 1042 1193 1130 riv

120 1158 312 1258 ἀραιότητα·
335 1170 400 1213 114
424 1185 555 1252 mares,
579 1173 622 1232 ut
645 1162 842 1253 crassiores,
860 1161 899 1232 in
924 1161 1053 1236 boreali
1079 1177 1194 1235 terrae

90 1343 94 1350 .
120 1282 245 1382 plaga3
268 1282 434 1374 feminas,
458 1296 501 1356 ut
519 1282 684 1374 leviores,
705 1283 743 1354 in
768 1282 911 1356 australi
933 1283 1074 1383 regione
1095 1297 1195 1356 natas

120 1429 210 1478 esse.
260 1403 390 1476 Similia
402 1400 456 1476 his
467 1404 573 1476 etiam
587 1403 816 1502 Empedocles
826 1403 961 1496 docuit,
974 1429 1195 1505 quamquam

122 1517 301 1598 contrario
319 1523 422 1598 modo
441 1526 631 1626 utriusque
646 1527 753 1598 sexus
767 1527 974 1622 temperiem
990 1538 1026 1598 et
1044 1523 1197 1597 natalem

122 1643 245 1719 sedem
264 1643 463 1720 describens
480 1653 557 1719 ¹¹⁵.
609 1645 814 1718 Commenta
845 1645 931 1720 baec
957 1643 1147 1736 mirabilia,
1170 1647 1199 1718 si

123 1793 252 1842 eorum
274 1768 444 1840 rationem
460 1791 691 1867 quaeramus,
715 1765 844 1865 partim
869 1767 1018 1866 quidem
1040 1792 1062 1841 e
1081 1765 1199 1865 pbilo-

124 1888 320 1988 sophorum
341 1890 491 1990 ingeniis
516 1902 597 1961 nata
617 1902 723 1979 sunt,
744 1888 880 1986 partim
907 1913 991 1961 vero
1012 1886 1120 1960 ducta
1142 1887 1200 1959 vi-

125 2013 262 2086 dentur
290 2037 311 2085 e
334 2010 434 2110 vulgi
454 2010 598 2102 sabulis,
627 2008 761 2112 quibus
783 2017 839 2080 r'es
862 2033 991 2106 parum
1014 2007 1200 2106 diligenter

126 2134 331 2212 observatae
352 2160 392 2208 ac
410 2147 545 2206 temere
563 2131 715 2206 creditae
738 2155 802 2228 pro
824 2129 916 2204 veris
937 2127 1114 2228 certisque
1135 2126 1203 2200 fer-

128 2269 267 2328 rentur.
319 2253 372 2327 lta
403 2252 605 2327 Aristoteles
636 2265 775 2342 narrat,
808 2265 944 2326 veteres
979 2247 1201 2340 observasse,

128 2375 316 2476 aquiloniis
328 2371 469 2446 flatibus
480 2374 589 2471 magis
604 2399 714 2472 quam
728 2372 893 2446 austrinis
908 2395 1021 2464 mares
1032 2369 1144 2468 gigni3
1167 2385 1204 2443 et
1302 2353 1308 2360 ¹

129 2495 365 2597 apastoribus
385 2492 498 2584 credi,
521 2493 560 2562 in
580 2489 764 2589 pecoribus
788 2488 832 2562 ad
857 2489 1073 2564 feminarum
1099 2493 1204 2563 mari-

130 2646 242 2694 umve
260 2620 417 2696 feturam
433 2641 505 2688 non
522 2611 635 2686 solum
648 2611 832 2702 interesse,
849 2608 982 2708 quibus
992 2607 1132 2684 flatibus
1144 2613 1204 2686 fiat

131 2743 256 2832 initus,
268 2739 330 2813 sed
344 2739 450 2812 etiam
461 2759 572 2837 quam
583 2731 710 2806 mundi
722 2730 858 2830 partem
871 2730 1024 2830 pecudes
1033 2747 1203 2830 spectent,

134 2860 312 2938 borealem
332 2885 378 2934 an
398 2858 594 2932 austrinam
610 2854 688 2926 ¹¹⁶.
724 2853 827 2945 Quae
849 2851 967 2951 opinio
983 2854 1111 2926 nititur
1127 2855 1206 2926 for·

134 3000 224 3060 taam
261 2983 372 3058 veteri
408 2979 466 3054 illa
503 2975 768 3076 superstitione,
811 2999 884 3072 qua
927 2974 1205 3071 septentrionalis

132 3109 234 3209 plaga
253 3105 385 3180 felicior
401 3099 598 3173 habebatur
619 3093 856 3182 meridionali,
883 3107 926 3166 ut
943 3109 1070 3168 notum
1085 3109 1138 3168 est
1158 3120 1204 3168 ex

132 3229 292 3328 auguriis
305 3233 384 3298 ¹¹⁷.
434 3216 617 3320 Ejusmodi
634 3213 787 3306 fabulas,
806 3213 912 3314 vulgo
928 3213 1092 3307 creditas,
1104 3215 1204 3288 facile

131 3351 205 3423 istis
219 3344 506 3448 pbilosophorum
523 3335 729 3412 commentis
739 3335 911 3436 originem
923 3332 1057 3408 dedisse
1067 3335 1203 3434 opinor.

183 3469 278 3542 Haec
300 3481 421 3540 autem
450 3463 523 3536 duo
551 3483 697 3560 genera,
725 3458 880 3528 marium
904 3470 941 3528 et
967 3456 1204 3548 feminarum,

133 3589 327 3692 quomodo,
357 3583 558 3686 regionibus
578 3578 705 3670 divisa,
733 3574 861 3650 deinde
888 3591 1093 3677 congregata
1116 3577 1201 3673 sint,

169 3824 243 3891 (ιιίρ)
274 3817 405 3874 Plutus-cb.
424 3819 489 3888 plac.
506 3813 567 3885 pbil.
589 3815 617 3871 V,
639 3827 668 3876 7³
686 3810 810 3870 Galenus,
830 3807 941 3861 xxxn.

170 3911 244 3980 (vrb)
275 3908 332 3962 Vid.
348 3908 450 3962 adstat.
469 3905 503 3958 dc
520 3905 588 3958 rare
604 3902 680 3954 anim.
701 3910 729 3952 et
746 3896 878 3950 Plutarch.
898 3896 962 3965 plac.
979 3893 1005 3944 ll.
1024 3894 1050 3946 ll.

167 4003 241 4070 (ιι6)
274 4001 330 4052 Vid.
348 3998 450 4052 Aristot.
468 3993 501 4048 de
515 3995 606 4046 Gener.
625 3991 705 4044 bnim.
724 3989 769 4049 w,
785 4003 807 4040 a.
820 4001 844 4055 p.
855 3983 912 4038 850.

170 4093 241 4160 (¹¹⁷)
274 4088 314 4142 (Ξῖ.
334 4093 462 4142 moxnot.
482 4083 536 4136 rab.
907 4105 911 4113 ·
