2942 4830
286 357 349 424 272
670 371 718 425 nn
740 373 956 425 raaunmnrs

285 566 395 640 quem
415 541 514 639 λόγον
540 541 711 640 appellat,
733 543 847 643 qualis
874 545 935 634 sit,
962 540 1167 640 significavit
1187 539 1350 638 quidem,

285 687 360 734 non
394 675 513 736 autem
540 659 733 760 descripsit,
754 662 814 738 sed
835 688 977 736 omnem
1001 647 1110 734 animi
1133 659 1283 758 ejusque
1307 661 1357 732 in·

286 781 373 855 dolis
403 783 632 881 partiumque
663 781 955 883 descriptionem,
980 781 1137 856 similiter
1159 775 1203 855 ut
1233 807 1381 854 rerum·

285 917 456 992 naturae,
481 899 523 976 ad
544 899 641 995 δόξας
663 906 738 979 sive
758 905 945 1006 opinabilia
969 904 1098 1004 rejecit.

340 1024 401 1096 His
419 1038 697 1100 consentancum
717 1051 864 1125 quoque
881 1039 933 1100 est
944 1025 1162 1100 Parmenidis
1177 1025 1359 1125 placitum,

284 1145 423 1220 fallaces
438 1169 514 1220 csse
539 1143 725 1220 hominum
747 1146 792 1220 de
804 1173 926 1221 rerum
940 1161 1068 1222 natura
1084 1147 1266 1246 opiniones
1281 1148 1358 1216 ¹⁴⁸.

283 1265 375 1340 Nam
397 1293 515 1367 quum
557 1269 674 1340 omnia
704 1268 962 1344 elementorum
984 1269 1155 1368 temperie
1180 1281 1364 1360 constent,

284 1385 371 1459 hacc
404 1404 525 1464 autern
546 1391 583 1462 in
596 1403 769 1489 perpetus
781 1405 970 1466 versentur
986 1388 1244 1481 vicissitudine,
1259 1413 1364 1485 opor·

284 1521 335 1582 tet
355 1523 428 1583 tam
448 1513 557 1585 animi
578 1512 759 1616 opiniones
784 1536 894 1612 quom
914 1537 1038 1586 rerum
1062 1524 1206 1584 naturas
1228 1509 1361 1583 mutari

284 1647 321 1705 et
342 1632 566 1706 variari149.
618 1631 709 1706 Hinc
730 1631 808 1732 ejus
832 1633 1050 1709 verecundia
1075 1634 1114 1704 in
1137 1628 1360 1720 affirmando,

161 1785 170 1804 ·
284 1765 320 1825 et
331 1750 556 1827 vehementia
567 1753 604 1824 in
616 1753 909 1853 reprehendendo
922 1779 998 1844 eos,
1013 1755 1110 1855 ‘qui,
1133 1774 1251 1854 quum
1266 1763 1361 1824 certo

284 1871 364 1948 sciri
393 1873 438 1947 de
471 1899 595 1949 rerum
622 1881 751 1948 natura
773 1873 853 1973 (ens
884 1899 1024 1974 semper
1056 1871 1247 1974 excipitur)
1274 1868 1360 1942 nihii

283 1995 409 2092 possit,
434 1993 589 2069 audeant
613 2019 650 2068 se
670 1995 757 2069 scire
780 1993 896 2070 dicere
912 2003 990 2066 ¹⁵⁰.
1018 2079 1020 2084 ,

338 2115 444 2208 Quod
467 2129 588 2190 autern
610 2117 654 2190 ad
675 2117 810 2190 animos
834 2119 980 2208 attinet,
1000 2140 1223 2218 quamquam
1245 2140 1304 2190 eos
1324 2115 1361 2186 in

285 2237 357 2310 vita
382 2263 465 2310 cum
486 2237 689 2338 corporibus
727 2239 927 2312 constrictos
949 2240 1108 2338 putavit,
1134 2263 1206 2310 non
1228 2250 1362 2322 tamen,

285 2357 466 2431 exstinctis
485 2359 710 2459 corporibus,
741 2359 875 2433 animos
888 2385 1034 2462 quoquc
1048 2383 1279 2450 evanescere,
1301 2369 1361 2430 aut
1466 2387 1467 2392 ¹

285 2501 350 2576 per
381 2505 418 2552 se
453 2506 596 2554 manere
625 2506 697 2556 non
733 2507 833 2581 posse
855 2481 1044 2556 arbitratus
1070 2493 1134 2554 est.
1196 2479 1296 2554 Num
1320 2479 1361 2552 de

286 2601 488 2675 animorum
508 2601 610 2702 lapsu
632 2605 671 2677 in
695 2630 839 2703 corpora
860 2617 924 2676 aut
943 2601 1096 2675 discessu
1117 2625 1138 2673 e
1158 2600 1359 2699 corporibus

286 2721 324 2790 in
346 2725 502 2796 carmine
524 2726 655 2824 egerit,
676 2723 999 2826 ignoramus3'hoc‘
1012 2735 1131 2794 tamen
1153 2719 1362 2813 didicimus,

287 2863 372 2912 eum
385 2841 588 2936 credidisse,
608 2846 743 2920 animos
753 2849 860 2922 etiam
874 2845 1002 2921 solutos
1012 2841 1217 2944 corporibus
1230 2845 1358 2932 virere,

164 2953 169 2966 ’
287 2963 474 3064 variasque
504 2967 577 3064 pati
601 2969 755 3042 fatorum
776 2967 1051 3060 vicissitudinem
1071 2978 1114 3040 ut
1143 2989 1164 3038 e
1188 2989 1360 3039 memora-

320 3175 394 3242 (uid)
430 3179 484 3233 vtd.
501 3181 621 3236 Parmen.
637 3199 687 3235 sss.
703 3185 735 3252 98
753 3197 790 3253 sq.

319 3266 394 3334 (adp)
426 3269 464 3321 Gi.
483 3272 585 3324 anatot.
603 3273 715 3342 bictsph.
734 3277 783 3336 111,
802 3271 827 3326 5.

323 3355 399 3422 (cbo)
433 3359 523 3412 Cicero
542 3363 616 3415 Aeaci.
633 3363 678 3424 Qu
694 3365 738 3426 lV,
752 3363 796 3415 ais
811 3363 995 3416 aParmcnides
1006 3401 1013 3426 ,
1024 3359 1210 3432 Xenophanes,
1221 3367 1307 3418 minus
1317 3365 1360 3417 bo*

289 3463 302 3492 s
316 3445 354 3497 nis
367 3463 524 3519 quamquam
540 3452 670 3514 versibus,
683 3451 727 3504 sed
741 3461 826 3507 umen
838 3454 886 3506 iiiis
897 3454 1029 3518 versibus,
1039 3454 1174 3521 increpant
1186 3467 1279 3505 corum
1293 3471 1361 3507 arro·

289 3553 303 3582 s
316 3537 437 3602 gentium,
454 3539 527 3608 quasi
544 3539 611 3602 irati,
624 3541 668 3611 qui
687 3543 800 3596 audeant
818 3561 844 3596 ce
860 3545 925 3596 scire
940 3542 1052 3596 dicere.''
1086 3543 1125 3594 De
1139 3544 1303 3613 Xenophane
1314 3559 1361 3595 mo
1460 3563 1461 3621 i

289 3625 335 3676 nui
355 3626 382 3676 in
400 3624 477 3694 hujus
487 3629 594 3682 carmin.
605 3631 660 3682 reti
673 3651 698 3702 p.
712 3635 766 3702 189.
786 3633 936 3686 Ciceronem
952 3634 1015 3684 haec
1025 3621 1148 3684 a'Graeco
1159 3632 1248 3701 aiiquo
1259 3641 1362 3685 auctore

289 3721 438 3768 mutuatum
456 3717 547 3775 credo.
564 3723 609 3790 qni
620 3721 728 3777 toruus
746 3739 834 3774 versus
845 3721 1001 3776 Parmenidis
1013 3721 1089 3773 ruodo
1099 3721 1191 3772 citatos
1203 3723 1362 3790 spectaverit
1459 3735 1460 3740 ’

291 3803 373 3856 Etiam
387 3806 517 3873 Arcesiias,
528 3811 625 3864 mediae
638 3813 785 3866 tondemiae
794 3813 925 3883 prinecpt.
935 3811 1059 3880 'phciwm
1072 3815 1138 3881 περὶ
1150 3814 1254 3880 ἐποχῆς
1264 3819 1363 3881 prtem

290 3891 354 3944 siioa
364 3893 398 3946 ad
407 3893 584 3953 Pmmenidem
596 3903 729 3968 retulerat,
742 3919 899 3976 quamquam
908 3903 995 3954 multis
1005 3901 1219 3972 improbantibus.
1236 3902 1293 3955 Vid.
1305 3901 1363 3952 Pio·
1458 3943 1459 3962 ς

292 3982 395 4035 turchos
405 3984 463 4040 ads.
475 3987 557 4042 Coiot.
569 4007 594 4059 p.
611 4007 668 4044 rrar
685 3991 945 4062 (v01.x,p.6121t)
962 3993 998 4044 Ci.
1009 3991 1273 4056 Brundis,Comment
1284 4006 1311 4059 p·
1322 3990 1361 4039 tiit

292 4079 347 4126 not.
364 4075 396 4139 i).
