2870 4824
290 341 335 408 ⁴6
735 362 928 408 annorusms

290 549 375 599 cum
386 521 572 599 Meinersio
596 523 709 623 (Hist.
723 524 905 598 doetrinae
915 523 960 597 de
972 547 1057 599 vero
1072 521 1149 596 Deo
1164 549 1201 622 p.
1220 521 1313 624 327)
1328 537 1361 599 et

290 633 455 707 Heereno
469 633 538 732 (ad
552 633 745 706 Stobeeum
759 632 784 706 l.
799 632 825 704 l.
840 635 854 729 )
871 633 1086 726 existimem,
1104 630 1192 704 falso
1209 657 1281 707 esse
1297 633 1360 707 Xe-

288 741 448 840 nophani
460 740 651 814 tributum.
668 739 848 814 Fabricius
867 740 912 813 ad
926 742 1077 813 Sextum
1090 740 1229 838 Empir.
1244 765 1278 838 p.
1292 737 1360 812 685

289 875 374 923 cum
385 851 452 922 hoc
468 875 575 924 versu
586 863 770 947 comparat
782 848 904 922 nobile
917 848 1012 922 illud
1028 847 1067 921 in
1079 846 1216 923 Genesi
1229 848 1298 939 ΠΙ,
1321 874 1361 948 19

287 955 426 1029 dictum
455 956 500 1029 ad
525 955 708 1030 Adamum
733 983 741 1030 :
764 975 801 1053 γῆ
826 951 927 1027 εἶκαὶ
948 966 988 1036 εἷς
1009 973 1062 1052 γῆν
1082 959 1238 1050 ἁπελεὺσῃ.
1262 955 1360 1050 Quod

288 1073 409 1136 tamen
433 1062 479 1136 ab
503 1061 616 1158 hujus
638 1061 762 1161 placiti
787 1075 910 1138 mente
934 1061 1095 1136 alienum
1117 1073 1182 1136 est.

813 1259 870 1351 ui.

383 1471 499 1546 Πάντες
517 1474 577 1564 γὰρ
605 1473 688 1562 γαίης
705 1493 738 1537 τε
763 1473 814 1535 καὶ
830 1465 932 1543 ὕδατος
955 1469 1173 1560 ἐκγενόμεσθα.

287 1658 395 1732 Hunc
429 1683 576 1734 versum
611 1656 721 1730 iidem
750 1656 941 1764 proferunt
973 1666 1137 1730 auctores
1154 1651 1194 1727 ll.
1214 1681 1264 1728 cc.
1282 1655 1359 1728 Sex-

286 1785 346 1848 tus
369 1773 483 1848 altero
504 1774 592 1848 item
610 1771 686 1846 loco
702 1771 781 1848 adv.
796 1770 962 1843 Mathem.
980 1769 1051 1864 IX,
1073 1767 1159 1842 361.
1187 1773 1275 1844 item
1294 1771 1360 1842 Eu-

286 1881 437 1954 stathius
462 1879 507 1954 ad
529 1879 572 1953 Il.
598 1913 626 1964 η.
653 1905 713 1982 99.
739 1903 776 1977 p.
802 1875 899 1966 666,
925 1875 950 1948 l.
972 1873 1035 1950 60.
1058 1875 1144 1970 Quo
1169 1876 1361 1950 testimonio

284 2000 408 2060 eontra
440 1987 592 2086 probare
622 1985 841 2078 studebant,
867 1981 1130 2081 Xenophanem
1155 2009 1229 2056 non
1251 2009 1361 2057 unum

284 2095 347 2169 sed
371 2093 446 2168 duo
471 2096 593 2168 secisse
621 2119 747 2168 rerum
772 2089 976 2182 elementa,
1001 2103 1136 2164 terram
1164 2103 1202 2165 et
1230 2117 1358 2190 aquam.

284 2201 494 2274 Meinersius
511 2199 536 2272 l.
547 2199 573 2274 l.
592 2199 692 2273 hunc
709 2224 857 2274 versum
873 2221 989 2296 aeque
1007 2224 1048 2270 ac
1065 2199 1287 2296 superiorem
1306 2199 1359 2271 fie-

284 2317 367 2378 tum
394 2318 523 2404 putet3
545 2319 583 2378 at
606 2307 772 2406 quamvis
794 2304 903 2378 fidem
927 2307 1007 2402 ejus
1028 2318 1209 2402 praestare
1233 2303 1358 2396 nolim,

286 2423 409 2485 tomen
432 2409 554 2510 placiti
577 2411 691 2508 hujus
718 2412 971 2489 auctoritatem
996 2411 1124 2509 probat
1148 2412 1224 2510 ipse
1241 2413 1360 2484 Sextus

284 2519 421 2616 Empir.
434 2517 607 2620 Pyrrhon.
619 2519 671 2611 Π,
683 2529 767 2592 sect.
783 2517 843 2612 30,
858 2543 978 2618 quum
988 2517 1241 2592 indubitanter
1252 2518 1353 2608 dicat,

283 2627 545 2726 Xenophanem
584 2625 656 2700 duo
682 2627 771 2704 haec
808 2651 933 2701 rerum
968 2623 1149 2700 elementa
1182 2627 1358 2717 statuisse3

284 2731 415 2808 deinde
441 2733 481 2804 in
510 2731 594 2830 ipsis
618 2731 736 2810 verbis
762 2737 837 2805 non
861 2731 954 2808 inest
982 2745 1151 2832 apertum
1175 2729 1358 2832 interpola-

284 2841 369 2912 toris
403 2837 618 2940 vestigium;
653 2853 911 2940 argumentum
941 2864 1026 2915 vero
1068 2840 1226 2914 concinit
1258 2839 1359 2912 etiam

284 2973 370 3024 cum
397 2947 564 3048 sequenti
589 2973 725 3026 versu:

801 3149 845 3212 X.

384 3339 429 3416 Γῆ
455 3338 505 3402 καὶ
531 3331 609 3430 ὕδωρ
633 3327 727 3404 πάνθ’
749 3331 823 3406 ὅσσα
851 3343 976 3432 γίνονται
1002 3337 1054 3415 ἠδὲ
1081 3343 1206 3435 φύονται.

285 3557 405 3652 Quem
432 3580 578 3632 versum
609 3553 759 3628 laudant
784 3555 991 3656 Simplicius
1012 3569 1051 3632 et
1070 3559 1223 3632 ioannes
1247 3552 1356 3630 Philo·

285 3689 417 3763 ponus,
430 3674 588 3763 uterque
599 3662 747 3764 quidem
761 3663 950 3766 Porphyrii
965 3689 1051 3739 usus
1065 3667 1289 3760 auctoritate3
1300 3659 1356 3734 sed

287 3953 343 4015 IX.
364 3955 489 4034 Namque
509 3967 620 4016 eterra
639 3965 667 4016 et
686 3975 756 4036 equa
775 3975 871 4017 omnes
891 3954 947 4016 orti
967 3974 1071 4016 sumus.

286 4067 327 4132 X.
348 4067 436 4130 Terre
454 4082 483 4132 et
502 4091 572 4151 aqua
590 4083 655 4134 sunt
673 4071 786 4150 omnia,
804 4091 875 4152 quae
893 4070 965 4133 fiunt
985 4085 1014 4134 st
1033 4083 1197 4134 naseuntur.
