2870 4824
139 1531 185 1606 ln
214 1531 367 1606 artium
389 1545 426 1606 et
447 1530 719 1633 disciplinarum
743 1535 1014 1636 investigatione
1034 1539 1132 1613 nihil
1152 1555 1205 1616 cst

101 1661 143 1736 ad
155 1663 357 1740 doctrinae
374 1665 538 1740 fructum
555 1665 731 1742 efficacius
749 1694 861 1768 quam
880 1695 1007 1745 earum
1025 1673 1204 1772 originem

104 1794 307 1896 indagare,
334 1797 525 1898 fontesque
554 1801 724 1900 persequi
756 1827 777 1874 e
808 1799 943 1900 quibus
969 1801 1204 1882 humanitatis

108 1925 227 2000 studia
254 1939 296 2002 et
323 1927 548 2003 incrementa
575 1929 774 2028 repetenda
803 1943 841 2003 et
866 1931 1079 2032 explicanda
1103 1949 1202 2011 sunt.

108 2055 260 2150 Quodsi
275 2059 317 2131 in
331 2059 458 2133 ceteris
473 2059 611 2133 artibus
631 2057 823 2160 diligenter
839 2086 1015 2160 quaerere
1027 2059 1201 2162 solemus,

111 2203 253 2290 quanto
275 2193 413 2288 majore
423 2193 542 2267 studio
555 2207 596 2280 et¹
604 2191 791 2294 diligentia
814 2193 911 2267 idem
931 2195 1137 2270 faciendum
1151 2211 1204 2272 est

1 2411 2 2420 ἵ
111 2326 149 2398 in
183 2324 426 2428 philosophia,
466 2329 631 2402 omnium
673 2330 809 2402 artium
838 2329 1002 2428 principe
1032 2341 1203 2408 :ceterae

112 2457 213 2530 enim
231 2471 327 2533 artes
352 2457 514 2559 singulae
539 2461 584 2536 ad
618 2457 775 2560 singulas
801 2461 960 2560 ingenii,
989 2461 1201 2558 doctrinae,

111 2589 313 2665 industriae
325 2603 443 2692 partes
454 2593 682 2687 referuntur,
700 2591 922 2692 philosophia
935 2619 1020 2669 vcro
1044 2595 1204 2693 pertinet

112 2729 157 2799 ad
171 2725 210 2799 id
224 2725 325 2825 quod
348 2751 533 2801 summum
555 2739 608 2801 est
637 2727 677 2798 in
693 2725 856 2819 homine,
872 2737 1034 2800 mentem
1058 2739 1096 2800 et
1108 2729 1201 2828 cogi·

113 2860 308 2954 tationem,
336 2885 429 2961 quae
453 2873 635 2960 quantum
669 2859 796 2935 ceteris
815 2860 952 2958 ingenii
978 2859 1116 2935 artihus
1141 2888 1202 2936 ex·

112 2989 232 3087 cellit,
264 3006 411 3093 tantum
441 3019 588 3095 quoque
611 2991 711 3068 illius
744 2993 923 3093 indagatio
961 2993 1134 3093 dignitate
1165 3007 1203 3070 et

113 3124 358 3224 amplitudine
382 3125 531 3227 reliquis
550 3125 677 3200 studiis
702 3138 739 3200 et
758 3123 953 3224 disciplinis
976 3139 1027 3199 est
1054 3132 1202 3227 antepo-

113 3262 245 3336 nenda.
271 3261 371 3356 Quid
397 3262 495 3337 enim
525 3274 590 3336 aut
610 3259 826 3360 praeclarius
850 3259 915 3332 aiat
936 3258 980 3332 ad
993 3259 1203 3359 cognitionis

110 3394 276 3468 fructum
308 3391 488 3488 uberius,
528 3417 639 3492 quam
678 3392 842 3464 animum
872 3389 1064 3462 hominum
1096 3415 1202 3462 men-

110 3539 264 3628 temque
287 3548 515 3626 cognoscere,
534 3525 629 3602 viam
646 3523 815 3622 indagare
832 3547 904 3622 qua
925 3547 1049 3596 sensus
1067 3545 1148 3593 suos
1165 3533 1203 3594 et

107 3665 275 3738 notiones
300 3658 530 3760 explicuerit,
560 3684 685 3732 rerum
711 3682 848 3732 caussas
878 3655 1106 3754 rationesque
1139 3679 1201 3727 ex·

105 3793 325 3897 ploraverit,
351 3803 389 3866 et
406 3816 552 3864 omnem
571 3802 739 3863 naturam
757 3787 860 3888 quasi
872 3783 1042 3862 evolvens
1061 3783 1200 3883 paulla-

102 3931 163 4003 tim
178 3927 228 4007 ad
247 3921 446 4000 meliorem
459 3920 645 4020 judicandi
665 3919 858 4011 rationem,
883 3915 928 3988 ad
949 3913 1114 3989 altiorem
1132 3915 1201 3990 hu·

96 4064 289 4143 inanitatis
313 4059 488 4162 gradum,
518 4059 563 4132 sit
582 4055 766 4158 perducta.
791 4051 927 4148 Quodsi
958 4051 1202 4152 philosophiae

1019 4212 1051 4255 A.
