2942 4830
518 412 521 424 ·
545 396 785 446 rmnoeorrrm.
944 349 949 358 ¹
1138 379 1202 444 2³0

118 553 270 640 nullam·
282 564 328 638 de
349 564 414 638 hoc
434 565 551 638 fauere
561 566 790 638 mentionem.
824 557 931 634 Unde
945 561 1032 634 mibi
1054 560 1200 663 quidem

119 688 275 786 suspicio
303 701 386 760 nata
412 701 484 780 est,
516 701 579 762 aut
602 687 808 761 Cioeronem
829 683 969 782 lapsum
997 710 1088 777 erse,
1109 687 1201 781 Em-

116 807 282 904 pedoolu
309 809 480 908 plautum
514 835 599 887 eum
631 806 861 884 Parmeniden
886 806 1199 896 *confundentem

118 943 187 1002 aut
207 929 365 1004 librarios
380 933 458 1029 ejus
478 932 586 1007 verba
603 929 827 1029 pervertisse,
845 943 885 1042 et
898 953 991 1028 quae
1014 926 1064 1003 illi
1084 941 1201 1001 essent

118 1049 335 1143 tribuenda,
366 1049 452 1126 huie
475 1051 671 1153 adsignanse
696 1054 753 1122 ⁵⁸.
803 1052 907 1143 Quae
929 1047 1130 1150 conjectura
1148 1061 1199 1122 tu-
1271 1039 1274 1045 ’
1350 1102 1355 1114 .

117 1174 224 1245 metri
249 1172 335 1246 mibi
358 1174 465 1247 etiam
488 1199 589 1248 nunc
617 1197 690 1248 non
707 1171 859 1246 absurda
870 1171 1056 1260 rideatur,
1079 1185 1199 1244 tamen

118 1291 324 1393 diligentins
360 1295 596 1369 consideranti
613 1287 750 1376 ‘risum
783 1307 837 1366 eet
879 1291 945 1365 boc
977 1291 1147 1390 placitum
1179 1319 1199 1365 a
1324 1335 1332 1358 .

118 1413 341 1489 Parmenidie
364 1418 536 1489 sententio
561 1441 634 1490 non
656 1414 856 1489 abhorrere.
907 1413 998 1487 Nam
1017 1413 1105 1514 quid
1128 1415 1199 1487 uri-

118 1559 215 1627 rurn,
235 1535 349 1630 illum,
368 1563 486 1638 quum
501 1537 638 1614 videret
648 1535 829 1610 mundum
845 1537 1026 1610 eontrariis
1036 1537 1199 1610 elemen-

115 1657 164 1731 tis
190 1674 353 1756 oportere
383 1673 564 1750 oonstnre,
599 1661 707 1733 etiam
740 1659 882 1752 vidisse,
919 1640 1109 1732 contrariae
1138 1683 1198 1730 re-

115 1782 214 1878 quiri
241 1782 353 1855 -rires
396 1780 530 1880 quibus
565 1782 775 1854 universum
817 1795 985 1879 regatur3
1024 1796 1132 1882 utque
1155 1795 1200 1852 ut

116 1900 266 1974 Noctem
298 1905 407 1992 Luci,
443 1903 493 1976 sio
522 1901 657 1975 Veneri
682 1915 726 1974 et
762 1903 884 1973 Amori
914 1901 1124 1976 Diaoordiam
1162 1917 1200 1976 et

116 2020 263 2094 Bellum
282 2021 513 2122 oppoonieoe'l
563 2021 605 2096 ln
617 2023 786 2097 bumana
801 2037 929 2096 natura
954 2037 1051 2096 certe
1070 2023 1199 2096 Dirae

116 2145 160 2214 ab
183 2167 226 2215 eo
254 2143 480 2243 appellantur
511 2141 717 2218 morborum
747 2158 785 2217 et
810 2143 1076 2243 aegritudinum
1106 2169 1196 2216 cnu-

115 2289 173 2337 eae
195 2271 253 2336 ⁵⁹.
307 2266 434 2366 Itaque
460 2293 532 2340 nou
560 2265 790 2365 improbabile
812 2267 897 2341 mihi
926 2267 1090 2354 videtur,
1107 2265 1196 2338 Par-

114 2383 297 2458 menidem
321 2385 393 2485 jam
419 2388 544 2461 eadem
576 2388 634 2460 illa
657 2390 808 2461 numina
833 2391 909 2462 aire
931 2402 1083 2462 naturae
1104 2389 1197 2462 vireo

113 2503 318 2598 induxisse,
364 2535 458 2609 quae
494 2509 660 2609 deineeps
700 2509 744 2582 ab
775 2509 987 2609 Empedoole
1023 2507 1196 2582 celebrata

114 2641 221 2720 runt,
244 2629 306 2704 eed
332 2655 373 2704 eo
399 2631 622 2716 discrimine,
648 2631 746 2732 quod
772 2631 832 2704 ille
855 2633 1039 2706 confusius
1065 2632 1196 2732 signifi·

113 2753 231 2844 eavit,
254 2777 350 2853 quae
372 2752 431 2827 bie
452 2751 580 2826 clarius
608 2753 788 2850 exposuit3
811 2751 870 2826 ille
899 2777 1019 2827 unum
1050 2752 1196 2825 induxit
1276 2827 1282 2832 ,

111 2898 326 2972 supremum
345 2873 526 2965 -Numen,
561 2877 620 2948 cui
648 2887 766 2946 cetera
797 2867 914 2948 omnia
945 2871 1195 2972 parean13hie

112 2994 184 3070 duo
209 2995 269 3070 illa
293 2998 463 3090 numina,
485 2998 691 3076 ,Amicitiam
712 3011 748 3071 et
769 2995 999 3088 Ilisoordiam,
1020 3011 1193 3094 tunquam

111 3117 211 3213 paria
248 3117 325 3192 fere
358 3133 396 3192 et
428 3117 588 3219 aequalia
621 3117 686 3190 eibi
726 3121 907 3215 opposuit.¹
937 3117 1132 3207 'Quocirca
1165 3115 1195 3188 si

142 3291 200 3362 (5⁸)
236 3293 275 3346 Ex
296 3293 344 3345 hae
358 3297 507 3362 coniectura
520 3292 649 3346 (riceronir
667 3289 748 3343 verba
770 3291 807 3341 aio
823 3289 909 3341 l'orertt
922 3285 1082 3350 ordinnnda;
1099 3287 1193 3338 ‚Nou

111 3379 301 3438 ullarmenldea
324 3383 531 3436 commentitium
554 3380 692 3453 quiddam
704 3375 713 3430 .‘
724 3416 732 3432 .
751 3377 866 3450 appellet
877 3379 981 3438 ileum
999 3376 1027 3428 in
1040 3387 1093 3447 quo
1106 3384 1193 3448 neque

111 3473 246 3540 rflguram
265 3472 379 3528 divinem
391 3489 475 3544 neque
487 3489 591 3525 rentum
610 3471 745 3542 quiequam
758 3465 882 3540 rurpiear'i
894 3474 987 3538 potent.
1022 3465 1193 3535 Empedoclea

110 3582 123 3609 ν
135 3571 224 3616 autern
245 3564 327 3616 multa
347 3564 396 3616 alia
417 3579 542 3632 perenne,
558 3547 708 3615 iudeorum
725 3560 847 3630 opinione
863 3557 1007 3628 turpiorirne
1016 3557 1113 3609 labitur
1128 3591 1191 3609 ....

110 3659 163 3704 tet
185 3668 262 3704 renen
282 3653 351 3705 omni
371 3669 468 3706 carere.
502 3653 586 3706 Multa
604 3651 719 3721 ejusdem
736 3657 863 3712 nonrtrr,
891 3649 990 3719 qnippe
1009 3648 1055 3718 qui
1077 3647 1192 3711 Bellum,

54 3733 57 3739 ’
110 3759 123 3786 ι
136 3739 182 3810 qni
192 3741 351 3794 llireordirnr
361 3780 368 3804 ,
378 3742 423 3813 qni
436 3741 629 3812 Cupiditatem,
648 3741 717 3794 eet.”

140 3829 195 3898 (69)
227 3831 332 3884 truvo
346 3830 393 3895 154
405 3849 443 3903 eq.
456 3841 484 3884 et
501 3839 670 3890 commentar.
682 3847 709 3900 p.
732 3832 785 3882 ra&
817 3829 884 3882 Nolo
902 3829 1008 3891 afferre,
1028 3827 1192 3898 quodetiam

109 3917 267 3972 Parmidir
287 3929 440 3982 recuteret,
453 3920 570 3974 blebem
590 3930 617 3974 et
636 3923 722 3985 Zeno,
734 3923 768 3973 τὸ
785 3929 879 3980 vetrae
890 3922 938 3972 aul
950 3925 1003 3988 rip
1013 3921 1109 3983 oollae
1123 3920 1194 3972 inter

112 4015 222 4061 naturae
245 4009 374 4080 principia
390 4009 508 4064 retulitne
528 4010 652 4064 dicuntur
672 4011 742 4081 apud
762 4009 917 4074 sommo,
938 4010 1191 4080 toll.1³hy·.p.to;

109 4112 168 4148 nam
190 4113 223 4150 eo
240 4099 299 4151 loco
320 4107 392 4153 certe
412 4099 620 4170 Empedocli·
639 4117 734 4154 nemen
755 4100 923 4156 obliteratum
938 4099 1049 4154 videtur.
