<?xml version="1.0" encoding="UTF-8"?>
<!DOCTYPE html PUBLIC "-//W3C//DTD XHTML 1.0 Transitional//EN"
    "http://www.w3.org/TR/xhtml1/DTD/xhtml1-transitional.dtd">
<html xmlns="http://www.w3.org/1999/xhtml" xml:lang="en" lang="en">
 <head>
  <title>
</title>
<meta http-equiv="Content-Type" content="text/html;charset=utf-8" />
  <meta name='ocr-system' content='tesseract 3.04.00' />
  <meta name='ocr-capabilities' content='ocr_page ocr_carea ocr_par ocr_line ocrx_word'/>
</head>
<body>
  <div class='ocr_page' id='page_1' title='image "./philosophorumgr01xenogoog_0213.png"; bbox 0 0 2924 4820; ppageno 0'>
   <div class='ocr_carea' id='block_1_1' title="bbox 27 1023 29 1094">
    <p class='ocr_par' dir='ltr' id='par_1_1' title="bbox 27 1023 29 1094">
     <span class='ocr_line' id='line_1_1' title="bbox 27 1023 29 1094; baseline 0 -6"><span class='ocrx_word' id='word_1_1' title='bbox 27 1023 29 1094; x_wconf 82' lang='lat' dir='ltr'><strong>l</strong></span> 
     </span>
    </p>
   </div>
   <div class='ocr_carea' id='block_1_2' title="bbox 495 339 1136 404">
    <p class='ocr_par' dir='ltr' id='par_1_2' title="bbox 495 339 1136 404">
     <span class='ocr_line' id='line_1_2' title="bbox 495 339 1136 404; baseline 0.008 -5"><span class='ocrx_word' id='word_1_2' title='bbox 495 353 710 402; x_wconf 79' lang='lat' dir='ltr'><strong>aninosornm.</strong></span> <span class='ocrx_word' id='word_1_3' title='bbox 1073 339 1136 404; x_wconf 86' lang='lat'><strong>177</strong></span> 
     </span>
    </p>
   </div>
   <div class='ocr_carea' id='block_1_3' title="bbox 83 504 1140 924">
    <p class='ocr_par' dir='ltr' id='par_1_3' title="bbox 27 504 1140 930">
     <span class='ocr_line' id='line_1_3' title="bbox 121 504 1137 610; baseline 0.001 -29"><span class='ocrx_word' id='word_1_4' title='bbox 121 511 280 582; x_wconf 85' lang='lat' dir='ltr'>Nimirum</span> <span class='ocrx_word' id='word_1_5' title='bbox 297 519 372 576; x_wconf 87' lang='lat' dir='ltr'><strong>orta</strong></span> <span class='ocrx_word' id='word_1_6' title='bbox 387 504 532 578; x_wconf 84' lang='lat' dir='ltr'><strong>videtur</strong></span> <span class='ocrx_word' id='word_1_7' title='bbox 548 507 635 580; x_wconf 90' lang='lat' dir='ltr'><strong>haec</strong></span> <span class='ocrx_word' id='word_1_8' title='bbox 646 509 768 606; x_wconf 92' lang='lat' dir='ltr'><strong>opinio</strong></span> <span class='ocrx_word' id='word_1_9' title='bbox 781 511 1018 606; x_wconf 81' lang='lat' dir='ltr'><strong>posteriorum</strong></span> <span class='ocrx_word' id='word_1_10' title='bbox 1028 513 1137 610; x_wconf 89' lang='lat' dir='ltr'><strong>scrip-</strong></span> 
     </span>
     <span class='ocr_line' id='line_1_4' title="bbox 83 611 1137 710; baseline 0.003 -24"><span class='ocrx_word' id='word_1_11' title='bbox 83 631 179 690; x_wconf 86' lang='lat' dir='ltr'><strong>torum</strong></span> <span class='ocrx_word' id='word_1_12' title='bbox 210 611 542 708; x_wconf 81' lang='lat' dir='ltr'>interpretatione,</span> <span class='ocrx_word' id='word_1_13' title='bbox 581 615 645 710; x_wconf 94' lang='lat' dir='ltr'><strong>qui</strong></span> <span class='ocrx_word' id='word_1_14' title='bbox 678 641 722 687; x_wconf 78' lang='lat' dir='ltr'><strong>ex</strong></span> <span class='ocrx_word' id='word_1_15' title='bbox 759 616 881 688; x_wconf 89' lang='lat' dir='ltr'><strong>aetatis</strong></span> <span class='ocrx_word' id='word_1_16' title='bbox 914 642 999 690; x_wconf 86' lang='lat' dir='ltr'><strong>suae</strong></span> <span class='ocrx_word' id='word_1_17' title='bbox 1033 619 1137 689; x_wconf 88' lang='lat' dir='ltr'><strong>ratio·</strong></span> 
     </span>
     <span class='ocr_line' id='line_1_5' title="bbox 84 719 1139 818; baseline 0.002 -24"><span class='ocrx_word' id='word_1_18' title='bbox 84 723 167 794; x_wconf 87' lang='lat' dir='ltr'><strong>nibus</strong></span> <span class='ocrx_word' id='word_1_19' title='bbox 193 721 388 816; x_wconf 89' lang='lat' dir='ltr'><strong>priscorum</strong></span> <span class='ocrx_word' id='word_1_20' title='bbox 427 719 610 814; x_wconf 87' lang='lat' dir='ltr'>opiniones</span> <span class='ocrx_word' id='word_1_21' title='bbox 641 721 946 818; x_wconf 73' lang='lat' dir='ltr'><strong>interpretantes,</strong></span> <span class='ocrx_word' id='word_1_22' title='bbox 979 737 1139 796; x_wconf 81' lang='lat' dir='ltr'><strong>mentem</strong></span> 
     </span>
     <span class='ocr_line' id='line_1_6' title="bbox 83 825 1140 924; baseline 0 -23"><span class='ocrx_word' id='word_1_23' title='bbox 83 854 184 902; x_wconf 85' lang='lat' dir='ltr'><strong>eorum</strong></span> <span class='ocrx_word' id='word_1_24' title='bbox 210 837 476 924; x_wconf 89' lang='lat' dir='ltr'><strong>perverterunt.</strong></span> <span class='ocrx_word' id='word_1_25' title='bbox 507 825 698 898; x_wconf 79' lang='lat' dir='ltr'><strong>Memorato</strong></span> <span class='ocrx_word' id='word_1_26' title='bbox 729 851 836 924; x_wconf 88' lang='lat' dir='ltr'><strong>supra</strong></span> <span class='ocrx_word' id='word_1_27' title='bbox 861 827 962 900; x_wconf 87' lang='lat' dir='ltr'><strong>nobis</strong></span> <span class='ocrx_word' id='word_1_28' title='bbox 985 841 1037 900; x_wconf 87' lang='lat' dir='ltr'><strong>est</strong></span> <span class='ocrx_word' id='word_1_29' title='bbox 1064 829 1140 902; x_wconf 86' lang='lat' dir='ltr'><strong>Xe-</strong></span> 
     </span>
    </p>
   </div>
   <div class='ocr_carea' id='block_1_4' title="bbox 27 931 1140 1034">
    <p class='ocr_par' dir='ltr' id='par_1_4' title="bbox 27 931 1140 1034">
     <span class='ocr_line' id='line_1_7' title="bbox 27 931 1140 1034; baseline 0.004 -28"><span class='ocrx_word' id='word_1_30' title='bbox 27 953 29 996; x_wconf 73' lang='lat' dir='ltr'><strong>t</strong></span> <span class='ocrx_word' id='word_1_31' title='bbox 83 935 227 1032; x_wconf 86' lang='lat' dir='ltr'><strong>nophanis</strong></span> <span class='ocrx_word' id='word_1_32' title='bbox 256 932 432 1004; x_wconf 87' lang='lat' dir='ltr'><strong>sententia</strong></span> <span class='ocrx_word' id='word_1_33' title='bbox 460 956 532 1028; x_wconf 89' lang='lat' dir='ltr'><strong>qua</strong></span> <span class='ocrx_word' id='word_1_34' title='bbox 560 931 744 1025; x_wconf 89' lang='lat' dir='ltr'><strong>censebat,</strong></span> <span class='ocrx_word' id='word_1_35' title='bbox 768 946 919 1007; x_wconf 90' lang='lat' dir='ltr'><strong>naturae</strong></span> <span class='ocrx_word' id='word_1_36' title='bbox 942 961 1140 1034; x_wconf 88' lang='lat' dir='ltr'><strong>rerumque</strong></span> 
     </span>
    </p>
   </div>
   <div class='ocr_carea' id='block_1_5' title="bbox 82 1036 1148 2094">
    <p class='ocr_par' dir='ltr' id='par_1_5' title="bbox 82 1036 1148 2094">
     <span class='ocr_line' id='line_1_8' title="bbox 83 1036 1140 1138; baseline -0.001 -25"><span class='ocrx_word' id='word_1_37' title='bbox 83 1045 219 1112; x_wconf 88' lang='lat' dir='ltr'><strong>omnium</strong></span> <span class='ocrx_word' id='word_1_38' title='bbox 262 1039 539 1108; x_wconf 87' lang='lat' dir='ltr'><strong>fundamentum</strong></span> <span class='ocrx_word' id='word_1_39' title='bbox 575 1036 744 1110; x_wconf 89' lang='lat' dir='ltr'><strong>tellurem</strong></span> <span class='ocrx_word' id='word_1_40' title='bbox 788 1065 861 1110; x_wconf 90' lang='lat' dir='ltr'><strong>non</strong></span> <span class='ocrx_word' id='word_1_41' title='bbox 891 1053 1077 1138; x_wconf 82' lang='lat' dir='ltr'><strong>perpetuo</strong></span> <span class='ocrx_word' id='word_1_42' title='bbox 1100 1042 1140 1112; x_wconf 93' lang='lat' dir='ltr'><strong>in</strong></span> 
     </span>
     <span class='ocr_line' id='line_1_9' title="bbox 83 1142 1140 1240; baseline 0 -22"><span class='ocrx_word' id='word_1_43' title='bbox 83 1146 185 1218; x_wconf 87' lang='lat' dir='ltr'><strong>eodem</strong></span> <span class='ocrx_word' id='word_1_44' title='bbox 211 1157 307 1214; x_wconf 90' lang='lat' dir='ltr'><strong>statu</strong></span> <span class='ocrx_word' id='word_1_45' title='bbox 337 1168 622 1240; x_wconf 89' lang='lat' dir='ltr'><strong>permansuram,</strong></span> <span class='ocrx_word' id='word_1_46' title='bbox 651 1143 712 1216; x_wconf 91' lang='lat' dir='ltr'><strong>sed</strong></span> <span class='ocrx_word' id='word_1_47' title='bbox 751 1142 939 1240; x_wconf 81' lang='lat' dir='ltr'><strong>paullatim</strong></span> <span class='ocrx_word' id='word_1_48' title='bbox 979 1146 1140 1220; x_wconf 91' lang='lat' dir='ltr'><strong>desiden-</strong></span> 
     </span>
     <span class='ocr_line' id='line_1_10' title="bbox 84 1251 1142 1347; baseline 0 -21"><span class='ocrx_word' id='word_1_49' title='bbox 84 1267 140 1326; x_wconf 85' lang='lat' dir='ltr'><strong>tem</strong></span> <span class='ocrx_word' id='word_1_50' title='bbox 177 1251 322 1322; x_wconf 88' lang='lat' dir='ltr'><strong>tandem</strong></span> <span class='ocrx_word' id='word_1_51' title='bbox 369 1251 547 1347; x_wconf 83' lang='lat' dir='ltr'><strong>profundo</strong></span> <span class='ocrx_word' id='word_1_52' title='bbox 577 1251 800 1323; x_wconf 88' lang='lat' dir='ltr'><strong>submersum</strong></span> <span class='ocrx_word' id='word_1_53' title='bbox 832 1253 876 1322; x_wconf 91' lang='lat' dir='ltr'><strong>iri</strong></span> <span class='ocrx_word' id='word_1_54' title='bbox 888 1289 907 1343; x_wconf 64' lang='grc' dir='ltr'><strong>,ι</strong></span> <span class='ocrx_word' id='word_1_55' title='bbox 939 1265 976 1326; x_wconf 89' lang='lat' dir='ltr'><strong>et</strong></span> <span class='ocrx_word' id='word_1_56' title='bbox 1008 1266 1142 1327; x_wconf 88' lang='lat' dir='ltr'><strong>terram</strong></span> 
     </span>
     <span class='ocr_line' id='line_1_11' title="bbox 82 1346 1142 1456; baseline 0.002 -26"><span class='ocrx_word' id='word_1_57' title='bbox 82 1357 315 1456; x_wconf 90' lang='lat' dir='ltr'><strong>mundumque</strong></span> <span class='ocrx_word' id='word_1_58' title='bbox 352 1383 495 1429; x_wconf 91' lang='lat' dir='ltr'><strong>omnem</strong></span> <span class='ocrx_word' id='word_1_59' title='bbox 523 1355 785 1455; x_wconf 74' lang='lat' dir='ltr'><strong>collapsurum,</strong></span> <span class='ocrx_word' id='word_1_60' title='bbox 821 1346 904 1429; x_wconf 74' lang='lat' dir='ltr'><strong>tum&#39;</strong></span> <span class='ocrx_word' id='word_1_61' title='bbox 933 1385 1017 1432; x_wconf 90' lang='lat' dir='ltr'><strong>vero</strong></span> <span class='ocrx_word' id='word_1_62' title='bbox 1050 1387 1142 1434; x_wconf 88' lang='lat' dir='ltr'><strong>ean-</strong></span> 
     </span>
     <span class='ocr_line' id='line_1_12' title="bbox 82 1466 1142 1565; baseline 0.002 -25"><span class='ocrx_word' id='word_1_63' title='bbox 82 1469 145 1540; x_wconf 89' lang='lat' dir='ltr'><strong>dem</strong></span> <span class='ocrx_word' id='word_1_64' title='bbox 171 1467 270 1565; x_wconf 87' lang='lat' dir='ltr'><strong>aquis</strong></span> <span class='ocrx_word' id='word_1_65' title='bbox 298 1466 418 1538; x_wconf 93' lang='lat' dir='ltr'><strong>denuo</strong></span> <span class='ocrx_word' id='word_1_66' title='bbox 446 1493 626 1540; x_wconf 85' lang='lat' dir='ltr'><strong>emersum</strong></span> <span class='ocrx_word' id='word_1_67' title='bbox 667 1467 741 1559; x_wconf 94' lang='lat' dir='ltr'><strong>iri,</strong></span> <span class='ocrx_word' id='word_1_68' title='bbox 780 1479 888 1564; x_wconf 88' lang='lat' dir='ltr'><strong>atque</strong></span> <span class='ocrx_word' id='word_1_69' title='bbox 917 1468 966 1539; x_wconf 90' lang='lat' dir='ltr'><strong>ita</strong></span> <span class='ocrx_word' id='word_1_70' title='bbox 1006 1495 1142 1544; x_wconf 90' lang='lat' dir='ltr'><strong>novum</strong></span> 
     </span>
     <span class='ocr_line' id='line_1_13' title="bbox 83 1572 1144 1670; baseline -0.001 -24"><span class='ocrx_word' id='word_1_71' title='bbox 83 1600 182 1646; x_wconf 88' lang='lat' dir='ltr'><strong>rerum</strong></span> <span class='ocrx_word' id='word_1_72' title='bbox 208 1573 430 1670; x_wconf 87' lang='lat' dir='ltr'><strong>principium</strong></span> <span class='ocrx_word' id='word_1_73' title='bbox 457 1572 541 1644; x_wconf 86' lang='lat' dir='ltr'><strong>fore.</strong></span> <span class='ocrx_word' id='word_1_74' title='bbox 568 1574 669 1646; x_wconf 89' lang='lat' dir='ltr'><strong>Hanc</strong></span> <span class='ocrx_word' id='word_1_75' title='bbox 692 1585 813 1647; x_wconf 88' lang='lat' dir='ltr'><strong>autem</strong></span> <span class='ocrx_word' id='word_1_76' title='bbox 838 1587 937 1645; x_wconf 88' lang='lat' dir='ltr'><strong>ortus</strong></span> <span class='ocrx_word' id='word_1_77' title='bbox 966 1586 1003 1645; x_wconf 91' lang='lat' dir='ltr'><strong>et</strong></span> <span class='ocrx_word' id='word_1_78' title='bbox 1027 1577 1144 1646; x_wconf 90' lang='lat' dir='ltr'><strong>inter-</strong></span> 
     </span>
     <span class='ocr_line' id='line_1_14' title="bbox 83 1679 1146 1778; baseline 0.005 -29"><span class='ocrx_word' id='word_1_79' title='bbox 83 1683 138 1751; x_wconf 86' lang='lat' dir='ltr'><strong>itus</strong></span> <span class='ocrx_word' id='word_1_80' title='bbox 159 1679 437 1754; x_wconf 86' lang='lat' dir='ltr'><strong>vicissitudinem</strong></span> <span class='ocrx_word' id='word_1_81' title='bbox 463 1693 699 1776; x_wconf 88' lang='lat' dir='ltr'><strong>perpetuam,</strong></span> <span class='ocrx_word' id='word_1_82' title='bbox 737 1693 846 1778; x_wconf 87' lang='lat' dir='ltr'><strong>atque</strong></span> <span class='ocrx_word' id='word_1_83' title='bbox 880 1683 930 1752; x_wconf 85' lang='lat' dir='ltr'><strong>ita</strong></span> <span class='ocrx_word' id='word_1_84' title='bbox 959 1681 1146 1754; x_wconf 88' lang='lat' dir='ltr'><strong>infinitum</strong></span> 
     </span>
     <span class='ocr_line' id='line_1_15' title="bbox 85 1783 1146 1883; baseline 0.004 -28"><span class='ocrx_word' id='word_1_85' title='bbox 85 1786 286 1858; x_wconf 88' lang='lat' dir='ltr'><strong>mundorum</strong></span> <span class='ocrx_word' id='word_1_86' title='bbox 299 1783 598 1883; x_wconf 88' lang='lat' dir='ltr'><strong>saeculorumque</strong></span> <span class='ocrx_word' id='word_1_87' title='bbox 617 1786 780 1858; x_wconf 90' lang='lat' dir='ltr'><strong>ordinem</strong></span> <span class='ocrx_word' id='word_1_88' title='bbox 796 1788 872 1868; x_wconf 88' lang='lat' dir='ltr'><strong>fore</strong></span> <span class='ocrx_word' id='word_1_89' title='bbox 890 1786 1052 1882; x_wconf 90' lang='lat' dir='ltr'><strong>putabat.</strong></span> <span class='ocrx_word' id='word_1_90' title='bbox 1075 1787 1146 1859; x_wconf 87' lang='lat' dir='ltr'><strong>Has</strong></span> 
     </span>
     <span class='ocr_line' id='line_1_16' title="bbox 84 1891 1145 1990; baseline -0.001 -27"><span class='ocrx_word' id='word_1_91' title='bbox 84 1917 147 1990; x_wconf 84' lang='lat' dir='ltr'><strong>ergo</strong></span> <span class='ocrx_word' id='word_1_92' title='bbox 182 1902 339 1964; x_wconf 86' lang='lat' dir='ltr'><strong>mutatas</strong></span> <span class='ocrx_word' id='word_1_93' title='bbox 375 1903 527 1962; x_wconf 86' lang='lat' dir='ltr'><strong>naturae</strong></span> <span class='ocrx_word' id='word_1_94' title='bbox 572 1892 702 1961; x_wconf 86' lang='lat' dir='ltr'><strong>formas</strong></span> <span class='ocrx_word' id='word_1_95' title='bbox 743 1901 848 1984; x_wconf 69' lang='grc' dir='ltr'>κόσμες</span> <span class='ocrx_word' id='word_1_96' title='bbox 885 1891 1145 1987; x_wconf 82' lang='lat' dir='ltr'><strong>appellaverit,</strong></span> 
     </span>
     <span class='ocr_line' id='line_1_17' title="bbox 85 1993 1148 2094; baseline -0.001 -25"><span class='ocrx_word' id='word_1_97' title='bbox 85 2023 140 2094; x_wconf 92' lang='lat' dir='ltr'><strong>quo</strong></span> <span class='ocrx_word' id='word_1_98' title='bbox 160 2024 267 2070; x_wconf 88' lang='lat' dir='ltr'><strong>sensu</strong></span> <span class='ocrx_word' id='word_1_99' title='bbox 280 2023 411 2070; x_wconf 89' lang='lat' dir='ltr'><strong>nomen</strong></span> <span class='ocrx_word' id='word_1_100' title='bbox 438 1993 531 2068; x_wconf 92' lang='lat' dir='ltr'><strong>illud</strong></span> <span class='ocrx_word' id='word_1_101' title='bbox 556 2009 772 2094; x_wconf 90' lang='lat' dir='ltr'><strong>usurpatum</strong></span> <span class='ocrx_word' id='word_1_102' title='bbox 796 2008 884 2068; x_wconf 86' lang='lat' dir='ltr'><strong>esta</strong></span> <span class='ocrx_word' id='word_1_103' title='bbox 912 1997 1110 2089; x_wconf 70' lang='lat' dir='ltr'><strong>veteribus,</strong></span> <span class='ocrx_word' id='word_1_104' title='bbox 1123 1997 1148 2048; x_wconf 72' lang='lat'><strong>⁸²</strong></span> 
     </span>
    </p>
   </div>
   <div class='ocr_carea' id='block_1_6' title="bbox 27 2101 1149 2306">
    <p class='ocr_par' dir='ltr' id='par_1_6' title="bbox 27 2101 1149 2306">
     <span class='ocr_line' id='line_1_18' title="bbox 27 2101 1148 2202; baseline 0.001 -28"><span class='ocrx_word' id='word_1_105' title='bbox 27 2181 28 2184; x_wconf 11' lang='lat'>¹</span> <span class='ocrx_word' id='word_1_106' title='bbox 84 2107 272 2202; x_wconf 85' lang='lat' dir='ltr'><strong>posteriores</strong></span> <span class='ocrx_word' id='word_1_107' title='bbox 299 2129 381 2176; x_wconf 86' lang='lat' dir='ltr'><strong>vero</strong></span> <span class='ocrx_word' id='word_1_108' title='bbox 396 2103 480 2174; x_wconf 92' lang='lat' dir='ltr'><strong>inde</strong></span> <span class='ocrx_word' id='word_1_109' title='bbox 502 2101 707 2175; x_wconf 82' lang='lat' dir='ltr'><strong>effinxerint</strong></span> <span class='ocrx_word' id='word_1_110' title='bbox 731 2103 908 2173; x_wconf 88' lang='lat' dir='ltr'><strong>infinitam</strong></span> <span class='ocrx_word' id='word_1_111' title='bbox 927 2103 1148 2175; x_wconf 90' lang='lat' dir='ltr'><strong>mundorum</strong></span> 
     </span>
     <span class='ocr_line' id='line_1_19' title="bbox 27 2205 1149 2306; baseline -0.001 -25"><span class='ocrx_word' id='word_1_112' title='bbox 27 2231 28 2262; x_wconf 67' lang='lat' dir='ltr'><strong>t</strong></span> <span class='ocrx_word' id='word_1_113' title='bbox 85 2211 358 2300; x_wconf 85' lang='lat' dir='ltr'><strong>multitudinem,</strong></span> <span class='ocrx_word' id='word_1_114' title='bbox 386 2209 510 2281; x_wconf 90' lang='lat' dir='ltr'><strong>eodem</strong></span> <span class='ocrx_word' id='word_1_115' title='bbox 535 2209 640 2281; x_wconf 91' lang='lat' dir='ltr'><strong>modo</strong></span> <span class='ocrx_word' id='word_1_116' title='bbox 664 2234 760 2306; x_wconf 90' lang='lat' dir='ltr'><strong>quo,</strong></span> <span class='ocrx_word' id='word_1_117' title='bbox 787 2222 831 2280; x_wconf 91' lang='lat' dir='ltr'><strong>ut</strong></span> <span class='ocrx_word' id='word_1_118' title='bbox 860 2205 1026 2306; x_wconf 83' lang='lat' dir='ltr'><strong>superiu&#39;s</strong></span> <span class='ocrx_word' id='word_1_119' title='bbox 1052 2209 1149 2282; x_wconf 92' lang='lat' dir='ltr'><strong>vidi-</strong></span> 
     </span>
    </p>
   </div>
   <div class='ocr_carea' id='block_1_7' title="bbox 84 2313 1168 3054">
    <p class='ocr_par' dir='ltr' id='par_1_7' title="bbox 84 2313 1168 3054">
     <span class='ocr_line' id='line_1_20' title="bbox 86 2313 1150 2414; baseline 0.002 -28"><span class='ocrx_word' id='word_1_120' title='bbox 86 2341 176 2408; x_wconf 91' lang='lat' dir='ltr'><strong>mus,</strong></span> <span class='ocrx_word' id='word_1_121' title='bbox 209 2329 359 2414; x_wconf 86' lang='lat' dir='ltr'><strong>propter</strong></span> <span class='ocrx_word' id='word_1_122' title='bbox 403 2328 617 2412; x_wconf 89' lang='lat' dir='ltr'><strong>perpetuam</strong></span> <span class='ocrx_word' id='word_1_123' title='bbox 649 2314 729 2386; x_wconf 91' lang='lat' dir='ltr'><strong>solis</strong></span> <span class='ocrx_word' id='word_1_124' title='bbox 760 2313 943 2412; x_wconf 86' lang='lat' dir='ltr'><strong>lunaeque</strong></span> <span class='ocrx_word' id='word_1_125' title='bbox 973 2316 1150 2388; x_wconf 84' lang='lat' dir='ltr'><strong>vicissitu-</strong></span> 
     </span>
     <span class='ocr_line' id='line_1_21' title="bbox 84 2420 1151 2522; baseline 0.001 -28"><span class='ocrx_word' id='word_1_126' title='bbox 84 2421 186 2496; x_wconf 89' lang='lat' dir='ltr'><strong>dinem</strong></span> <span class='ocrx_word' id='word_1_127' title='bbox 205 2437 243 2496; x_wconf 89' lang='lat' dir='ltr'><strong>et</strong></span> <span class='ocrx_word' id='word_1_128' title='bbox 266 2421 356 2494; x_wconf 88' lang='lat' dir='ltr'><strong>lucis</strong></span> <span class='ocrx_word' id='word_1_129' title='bbox 380 2422 666 2512; x_wconf 89' lang='lat' dir='ltr'><strong>renovationem,</strong></span> <span class='ocrx_word' id='word_1_130' title='bbox 684 2420 817 2494; x_wconf 89' lang='lat' dir='ltr'><strong>multos</strong></span> <span class='ocrx_word' id='word_1_131' title='bbox 845 2420 934 2494; x_wconf 91' lang='lat' dir='ltr'><strong>soles</strong></span> <span class='ocrx_word' id='word_1_132' title='bbox 946 2421 1151 2522; x_wconf 89' lang='lat' dir='ltr'><strong>multasque</strong></span> 
     </span>
     <span class='ocr_line' id='line_1_22' title="bbox 87 2526 1153 2626; baseline 0 -26"><span class='ocrx_word' id='word_1_133' title='bbox 87 2529 175 2602; x_wconf 90' lang='lat' dir='ltr'><strong>lunas</strong></span> <span class='ocrx_word' id='word_1_134' title='bbox 189 2529 224 2602; x_wconf 89' lang='lat' dir='ltr'><strong>ei</strong></span> <span class='ocrx_word' id='word_1_135' title='bbox 242 2528 456 2601; x_wconf 87' lang='lat' dir='ltr'><strong>tribuerunt</strong></span> <span class='ocrx_word' id='word_1_136' title='bbox 479 2526 514 2598; x_wconf 76' lang='lat'><strong>⁸⁸.</strong></span> <span class='ocrx_word' id='word_1_137' title='bbox 543 2528 667 2626; x_wconf 89' lang='lat' dir='ltr'><strong>Neque</strong></span> <span class='ocrx_word' id='word_1_138' title='bbox 694 2540 834 2600; x_wconf 89' lang='lat' dir='ltr'><strong>nostrae</strong></span> <span class='ocrx_word' id='word_1_139' title='bbox 863 2529 1153 2626; x_wconf 88' lang='lat' dir='ltr'><strong>interpretationi</strong></span> 
     </span>
     <span class='ocr_line' id='line_1_23' title="bbox 86 2633 1168 2732; baseline 0 -26"><span class='ocrx_word' id='word_1_140' title='bbox 86 2635 180 2708; x_wconf 78' lang='lat' dir='ltr'><strong>ohstat</strong></span> <span class='ocrx_word' id='word_1_141' title='bbox 217 2636 395 2732; x_wconf 83' lang='lat' dir='ltr'><strong>Diogenes</strong></span> <span class='ocrx_word' id='word_1_142' title='bbox 426 2635 616 2722; x_wconf 73' lang='lat' dir='ltr'><strong>Laertius,</strong></span> <span class='ocrx_word' id='word_1_143' title='bbox 645 2634 691 2726; x_wconf 88' lang='lat' dir='ltr'><strong>si,</strong></span> <span class='ocrx_word' id='word_1_144' title='bbox 709 2647 752 2706; x_wconf 93' lang='lat' dir='ltr'><strong>ut</strong></span> <span class='ocrx_word' id='word_1_145' title='bbox 786 2633 875 2704; x_wconf 93' lang='lat' dir='ltr'><strong>mihi</strong></span> <span class='ocrx_word' id='word_1_146' title='bbox 900 2633 1168 2732; x_wconf 85' lang='lat' dir='ltr'><strong>corrigendum·</strong></span> 
     </span>
     <span class='ocr_line' id='line_1_24' title="bbox 86 2741 1152 2842; baseline -0.005 -26"><span class='ocrx_word' id='word_1_147' title='bbox 86 2743 236 2834; x_wconf 83' lang='lat' dir='ltr'><strong>videtur,</strong></span> <span class='ocrx_word' id='word_1_148' title='bbox 270 2741 431 2842; x_wconf 82' lang='lat' dir='ltr'><strong>legamus</strong></span> <span class='ocrx_word' id='word_1_149' title='bbox 454 2767 539 2814; x_wconf 89' lang='lat' dir='ltr'><strong>eum</strong></span> <span class='ocrx_word' id='word_1_150' title='bbox 573 2743 736 2815; x_wconf 87' lang='lat' dir='ltr'><strong>statuisse</strong></span> <span class='ocrx_word' id='word_1_151' title='bbox 773 2749 892 2836; x_wconf 63' lang='lat' dir='ltr'><strong>stupore</strong></span> <span class='ocrx_word' id='word_1_152' title='bbox 920 2750 1071 2838; x_wconf 77' lang='grc' dir='ltr'><strong><em>ἀπείρως,</em></strong></span> <span class='ocrx_word' id='word_1_153' title='bbox 1104 2745 1152 2814; x_wconf 71' lang='lat' dir='ltr'><strong>oia</strong></span> 
     </span>
     <span class='ocr_line' id='line_1_25' title="bbox 88 2849 1153 2948; baseline -0.001 -27"><span class='ocrx_word' id='word_1_154' title='bbox 88 2853 316 2948; x_wconf 73' lang='grc' dir='ltr'>ἀπαραλλάκτως</span> <span class='ocrx_word' id='word_1_155' title='bbox 349 2851 403 2940; x_wconf 78' lang='grc' dir='ltr'><strong>δέ,</strong></span> <span class='ocrx_word' id='word_1_156' title='bbox 439 2849 583 2920; x_wconf 74' lang='lat' dir='ltr'><strong>mundos</strong></span> <span class='ocrx_word' id='word_1_157' title='bbox 615 2851 772 2944; x_wconf 74' lang='lat' dir='ltr'><strong>infinitos</strong></span> <span class='ocrx_word' id='word_1_158' title='bbox 811 2850 950 2945; x_wconf 82' lang='lat' dir='ltr'><strong>quidem</strong></span> <span class='ocrx_word' id='word_1_159' title='bbox 983 2874 1128 2920; x_wconf 80' lang='lat' dir='ltr'><strong>numero</strong></span> <span class='ocrx_word' id='word_1_160' title='bbox 1138 2901 1153 2936; x_wconf 89' lang='lat'><strong>,</strong></span> 
     </span>
     <span class='ocr_line' id='line_1_26' title="bbox 87 2955 1154 3054; baseline 0 -26"><span class='ocrx_word' id='word_1_161' title='bbox 87 2961 136 3032; x_wconf 75' lang='lat' dir='ltr'><strong>aad</strong></span> <span class='ocrx_word' id='word_1_162' title='bbox 156 2960 281 3031; x_wconf 77' lang='lat' dir='ltr'><strong>ordine</strong></span> <span class='ocrx_word' id='word_1_163' title='bbox 317 2970 352 3028; x_wconf 84' lang='lat' dir='ltr'><strong>at</strong></span> <span class='ocrx_word' id='word_1_164' title='bbox 371 2959 489 3053; x_wconf 67' lang='lat' dir='ltr'><strong>fipera</strong></span> <span class='ocrx_word' id='word_1_165' title='bbox 522 2959 703 3029; x_wconf 76' lang='lat' dir='ltr'><strong>mutabiles</strong></span> <span class='ocrx_word' id='word_1_166' title='bbox 724 2955 758 3028; x_wconf 78' lang='lat'><strong>⁸⁹.</strong></span> <span class='ocrx_word' id='word_1_167' title='bbox 794 2956 897 3050; x_wconf 86' lang='lat' dir='ltr'><strong>Quae</strong></span> <span class='ocrx_word' id='word_1_168' title='bbox 925 2955 1154 3054; x_wconf 84' lang='lat' dir='ltr'><strong>Xenophanis</strong></span> 
     </span>
    </p>
   </div>
   <div class='ocr_carea' id='block_1_8' title="bbox 116 3143 523 3227">
    <p class='ocr_par' dir='ltr' id='par_1_8' title="bbox 116 3143 523 3227">
     <span class='ocr_line' id='line_1_27' title="bbox 116 3143 523 3227; baseline -0.005 -23"><span class='ocrx_word' id='word_1_169' title='bbox 116 3143 172 3224; x_wconf 71' lang='lat'><strong>(87)</strong></span> <span class='ocrx_word' id='word_1_170' title='bbox 193 3143 379 3226; x_wconf 85' lang='lat' dir='ltr'><strong>Empedocles</strong></span> <span class='ocrx_word' id='word_1_171' title='bbox 393 3165 434 3203; x_wconf 84' lang='lat' dir='ltr'><strong>vs.</strong></span> <span class='ocrx_word' id='word_1_172' title='bbox 452 3166 491 3227; x_wconf 83' lang='lat'><strong>97</strong></span> <span class='ocrx_word' id='word_1_173' title='bbox 517 3168 523 3202; x_wconf 92' lang='lat'><strong>:</strong></span> 
     </span>
    </p>
   </div>
   <div class='ocr_carea' id='block_1_9' title="bbox 87 3269 1160 4220">
    <p class='ocr_par' dir='ltr' id='par_1_9' title="bbox 87 3269 1160 4220">
     <span class='ocr_line' id='line_1_28' title="bbox 194 3269 959 3354; baseline 0 -19"><span class='ocrx_word' id='word_1_174' title='bbox 194 3273 302 3336; x_wconf 67' lang='grc' dir='ltr'><strong>ἔλλοτι</strong></span> <span class='ocrx_word' id='word_1_175' title='bbox 319 3272 369 3351; x_wconf 64' lang='grc' dir='ltr'><strong>μὲν</strong></span> <span class='ocrx_word' id='word_1_176' title='bbox 388 3271 518 3348; x_wconf 61' lang='lat' dir='ltr'><strong>patianus</strong></span> <span class='ocrx_word' id='word_1_177' title='bbox 539 3274 713 3354; x_wconf 62' lang='lat' dir='ltr'><strong>cortpxo‘pm&#39;</strong></span> <span class='ocrx_word' id='word_1_178' title='bbox 735 3280 770 3336; x_wconf 69' lang='grc' dir='ltr'><strong>εἷς</strong></span> <span class='ocrx_word' id='word_1_179' title='bbox 793 3269 838 3336; x_wconf 75' lang='lat' dir='ltr'><strong>ira</strong></span> <span class='ocrx_word' id='word_1_180' title='bbox 859 3275 959 3338; x_wconf 70' lang='lat' dir='ltr'><strong>uirum</strong></span> 
     </span>
     <span class='ocr_line' id='line_1_29' title="bbox 197 3359 692 3441; baseline -0.004 -15"><span class='ocrx_word' id='word_1_181' title='bbox 197 3365 307 3426; x_wconf 66' lang='grc' dir='ltr'><strong>ἕλλοτι</strong></span> <span class='ocrx_word' id='word_1_182' title='bbox 327 3359 408 3426; x_wconf 65' lang='lat' dir='ltr'><strong>d&#39;aed</strong></span> <span class='ocrx_word' id='word_1_183' title='bbox 427 3361 498 3441; x_wconf 51' lang='grc' dir='ltr'><strong>δίχ’</strong></span> <span class='ocrx_word' id='word_1_184' title='bbox 519 3359 608 3430; x_wconf 66' lang='lat' dir='ltr'><strong>lausa</strong></span> <span class='ocrx_word' id='word_1_185' title='bbox 628 3383 692 3426; x_wconf 74' lang='grc' dir='ltr'><strong>κτλ.</strong></span> 
     </span>
     <span class='ocr_line' id='line_1_30' title="bbox 87 3473 1157 3560; baseline 0.005 -27"><span class='ocrx_word' id='word_1_186' title='bbox 87 3473 179 3536; x_wconf 80' lang='lat' dir='ltr'><strong>Eodem</strong></span> <span class='ocrx_word' id='word_1_187' title='bbox 199 3499 284 3538; x_wconf 85' lang='lat' dir='ltr'><strong>sensu</strong></span> <span class='ocrx_word' id='word_1_188' title='bbox 309 3479 432 3538; x_wconf 85' lang='lat' dir='ltr'><strong>occurrit</strong></span> <span class='ocrx_word' id='word_1_189' title='bbox 453 3478 482 3535; x_wconf 89' lang='lat' dir='ltr'><strong>in</strong></span> <span class='ocrx_word' id='word_1_190' title='bbox 506 3477 568 3538; x_wconf 91' lang='lat' dir='ltr'><strong>loco</strong></span> <span class='ocrx_word' id='word_1_191' title='bbox 589 3479 716 3559; x_wconf 78' lang='lat' dir='ltr'><strong>Origenis</strong></span> <span class='ocrx_word' id='word_1_192' title='bbox 735 3499 817 3558; x_wconf 87' lang='lat' dir='ltr'><strong>quem</strong></span> <span class='ocrx_word' id='word_1_193' title='bbox 837 3499 902 3538; x_wconf 84' lang='lat' dir='ltr'><strong>mox</strong></span> <span class='ocrx_word' id='word_1_194' title='bbox 914 3477 1068 3560; x_wconf 78' lang='lat' dir='ltr'><strong>explicabo.</strong></span> <span class='ocrx_word' id='word_1_195' title='bbox 1090 3477 1157 3540; x_wconf 69' lang='lat' dir='ltr'><strong>Kia-</strong></span> 
     </span>
     <span class='ocr_line' id='line_1_31' title="bbox 88 3566 1158 3648; baseline 0.007 -25"><span class='ocrx_word' id='word_1_196' title='bbox 88 3588 129 3639; x_wconf 72' lang='grc' dir='ltr'><strong>με</strong></span> <span class='ocrx_word' id='word_1_197' title='bbox 155 3566 305 3648; x_wconf 85' lang='lat' dir='ltr'><strong>respondet</strong></span> <span class='ocrx_word' id='word_1_198' title='bbox 329 3566 465 3627; x_wconf 80' lang='lat' dir='ltr'><strong>vocabulo</strong></span> <span class='ocrx_word' id='word_1_199' title='bbox 491 3567 581 3643; x_wconf 67' lang='grc' dir='ltr'><strong><em>τᾶξις.</em></strong></span> <span class='ocrx_word' id='word_1_200' title='bbox 612 3569 705 3629; x_wconf 87' lang='lat' dir='ltr'><strong>Serius</strong></span> <span class='ocrx_word' id='word_1_201' title='bbox 730 3569 841 3628; x_wconf 87' lang='lat' dir='ltr'><strong>demum</strong></span> <span class='ocrx_word' id='word_1_202' title='bbox 864 3569 986 3628; x_wconf 85' lang='lat' dir='ltr'><strong>Socratis</strong></span> <span class='ocrx_word' id='word_1_203' title='bbox 1011 3581 1100 3628; x_wconf 87' lang='lat' dir='ltr'><strong>aetate</strong></span> <span class='ocrx_word' id='word_1_204' title='bbox 1121 3571 1158 3630; x_wconf 88' lang='lat' dir='ltr'><strong>ad</strong></span> 
     </span>
     <span class='ocr_line' id='line_1_32' title="bbox 88 3655 1158 3740; baseline 0.006 -26"><span class='ocrx_word' id='word_1_205' title='bbox 88 3655 211 3716; x_wconf 87' lang='lat' dir='ltr'><strong>mundum</strong></span> <span class='ocrx_word' id='word_1_206' title='bbox 233 3659 393 3717; x_wconf 83' lang='lat' dir='ltr'><strong>universum</strong></span> <span class='ocrx_word' id='word_1_207' title='bbox 412 3657 578 3718; x_wconf 85' lang='lat' dir='ltr'><strong>translatum</strong></span> <span class='ocrx_word' id='word_1_208' title='bbox 596 3671 647 3720; x_wconf 86' lang='lat' dir='ltr'><strong>est.</strong></span> <span class='ocrx_word' id='word_1_209' title='bbox 667 3659 732 3718; x_wconf 91' lang='lat' dir='ltr'><strong>Vid.</strong></span> <span class='ocrx_word' id='word_1_210' title='bbox 748 3658 920 3740; x_wconf 87' lang='lat' dir='ltr'><strong>Xenophon.</strong></span> <span class='ocrx_word' id='word_1_211' title='bbox 941 3660 1058 3718; x_wconf 84' lang='lat' dir='ltr'><strong>Memor.</strong></span> <span class='ocrx_word' id='word_1_212' title='bbox 1077 3661 1106 3734; x_wconf 94' lang='lat' dir='ltr'><strong>l,</strong></span> <span class='ocrx_word' id='word_1_213' title='bbox 1127 3681 1158 3736; x_wconf 88' lang='lat'><strong>1,</strong></span> 
     </span>
     <span class='ocr_line' id='line_1_33' title="bbox 93 3747 1158 3830; baseline 0.008 -27"><span class='ocrx_word' id='word_1_214' title='bbox 93 3766 129 3803; x_wconf 88' lang='grc' dir='ltr'><strong>ιι.</strong></span> <span class='ocrx_word' id='word_1_215' title='bbox 148 3748 185 3807; x_wconf 77' lang='lat' dir='ltr'><strong>el.</strong></span> <span class='ocrx_word' id='word_1_216' title='bbox 208 3749 296 3807; x_wconf 85' lang='lat' dir='ltr'><strong>Carus</strong></span> <span class='ocrx_word' id='word_1_217' title='bbox 320 3747 354 3807; x_wconf 86' lang='lat' dir='ltr'><strong>de</strong></span> <span class='ocrx_word' id='word_1_218' title='bbox 380 3750 504 3828; x_wconf 76' lang='lat' dir='ltr'><strong>Anaxag.</strong></span> <span class='ocrx_word' id='word_1_219' title='bbox 529 3749 774 3830; x_wconf 81' lang='lat' dir='ltr'><strong>Cosmo·Tlreolog.</strong></span> <span class='ocrx_word' id='word_1_220' title='bbox 800 3751 830 3809; x_wconf 91' lang='lat' dir='ltr'><strong>iu</strong></span> <span class='ocrx_word' id='word_1_221' title='bbox 854 3747 939 3807; x_wconf 81' lang='lat' dir='ltr'><strong>ldeiin</strong></span> <span class='ocrx_word' id='word_1_222' title='bbox 962 3771 984 3807; x_wconf 86' lang='lat' dir='ltr'><strong>z.</strong></span> <span class='ocrx_word' id='word_1_223' title='bbox 1006 3749 1106 3809; x_wconf 82' lang='lat' dir='ltr'><strong>Gesch.</strong></span> <span class='ocrx_word' id='word_1_224' title='bbox 1128 3750 1158 3811; x_wconf 89' lang='lat' dir='ltr'><strong>d.</strong></span> 
     </span>
     <span class='ocr_line' id='line_1_34' title="bbox 91 3833 387 3919; baseline 0.02 -28"><span class='ocrx_word' id='word_1_225' title='bbox 91 3833 181 3896; x_wconf 83' lang='lat' dir='ltr'><strong>Philas.</strong></span> <span class='ocrx_word' id='word_1_226' title='bbox 201 3859 229 3918; x_wconf 91' lang='lat' dir='ltr'><strong>p.</strong></span> <span class='ocrx_word' id='word_1_227' title='bbox 253 3839 310 3919; x_wconf 86' lang='grc'><strong>737</strong></span> <span class='ocrx_word' id='word_1_228' title='bbox 330 3849 387 3898; x_wconf 87' lang='lat' dir='ltr'><strong>not.</strong></span> 
     </span>
     <span class='ocr_line' id='line_1_35' title="bbox 126 3941 566 4028; baseline 0 -24"><span class='ocrx_word' id='word_1_229' title='bbox 126 3941 186 4024; x_wconf 73' lang='lat'><strong>(88)</strong></span> <span class='ocrx_word' id='word_1_230' title='bbox 208 3943 283 4003; x_wconf 86' lang='lat' dir='ltr'><strong>Vide</strong></span> <span class='ocrx_word' id='word_1_231' title='bbox 304 3947 437 4026; x_wconf 86' lang='lat' dir='ltr'><strong>superius¹</strong></span> <span class='ocrx_word' id='word_1_232' title='bbox 451 3967 478 4028; x_wconf 91' lang='lat' dir='ltr'><strong>p.</strong></span> <span class='ocrx_word' id='word_1_233' title='bbox 501 3944 566 4028; x_wconf 76' lang='lat'><strong>167.</strong></span> 
     </span>
     <span class='ocr_line' id='line_1_36' title="bbox 125 4047 1160 4134; baseline 0.002 -24"><span class='ocrx_word' id='word_1_234' title='bbox 125 4047 184 4132; x_wconf 74' lang='lat'>(89)</span> <span class='ocrx_word' id='word_1_235' title='bbox 208 4053 323 4131; x_wconf 78' lang='lat' dir='ltr'><strong>Diogen.</strong></span> <span class='ocrx_word' id='word_1_236' title='bbox 351 4053 444 4113; x_wconf 78' lang='lat' dir='ltr'><strong>Laiirt.</strong></span> <span class='ocrx_word' id='word_1_237' title='bbox 471 4051 539 4127; x_wconf 82' lang='lat' dir='ltr'><strong>lx,</strong></span> <span class='ocrx_word' id='word_1_238' title='bbox 569 4073 613 4134; x_wconf 82' lang='lat'><strong>¹9·</strong></span> <span class='ocrx_word' id='word_1_239' title='bbox 643 4051 690 4112; x_wconf 85' lang='lat' dir='ltr'><strong>ubi</strong></span> <span class='ocrx_word' id='word_1_240' title='bbox 717 4050 799 4130; x_wconf 79' lang='lat' dir='ltr'><strong>vulgo</strong></span> <span class='ocrx_word' id='word_1_241' title='bbox 824 4053 863 4110; x_wconf 88' lang='lat' dir='ltr'><strong>sio</strong></span> <span class='ocrx_word' id='word_1_242' title='bbox 890 4049 990 4131; x_wconf 80' lang='lat' dir='ltr'><strong>legitur</strong></span> <span class='ocrx_word' id='word_1_243' title='bbox 1015 4073 1021 4108; x_wconf 94' lang='lat'>:</span> <span class='ocrx_word' id='word_1_244' title='bbox 1044 4053 1160 4129; x_wconf 68' lang='grc' dir='ltr'><strong><em>κέσμους</em></strong></span> 
     </span>
     <span class='ocr_line' id='line_1_37' title="bbox 183 4147 1012 4220; baseline 0 0"><span class='ocrx_word' id='word_1_245' title='bbox 183 4149 210 4220; x_wconf 94' lang='lat' dir='ltr'><strong>l.</strong></span> <span class='ocrx_word' id='word_1_246' title='bbox 971 4147 1012 4220; x_wconf 79' lang='lat'><strong>13</strong></span> 
     </span>
    </p>
   </div>
   <div class='ocr_carea' id='block_1_10' title="bbox 0 0 1475 4820">
    <p class='ocr_par' dir='ltr' id='par_1_10' title="bbox 0 0 1475 4820">
     <span class='ocr_line' id='line_1_38' title="bbox 0 0 1475 4820; baseline 0 0"><span class='ocrx_word' id='word_1_247' title='bbox 0 0 1475 4820; x_wconf 95' lang='lat' dir='ltr'><strong> </strong></span> 
     </span>
    </p>
   </div>
  </div>
 </body>
</html>
