2840 4820
298 348 362 414 130
708 366 745 409 ns
768 365 958 410 xssornsms

294 521 423 623 placita
454 547 538 598 cum
576 519 812 619 Pythagoricis
840 543 913 590 esse
946 517 1136 612 conjuncta
1155 520 1180 609 ,'
1193 517 1230 590 id
1262 518 1394 590 etiam

293 631 461 704 universo
484 627 737 726 explicandum
760 638 834 716 est,
858 650 931 724 quo
953 623 1110 715 facilius,
1136 626 1302 723 utrisque
1322 623 1393 694 in·

294 749 350 810 ter
367 761 405 810 se
429 737 660 833 comparatis,
685 758 780 830 quae
801 731 943 830 propria
969 729 1067 804 illius
1093 731 1202 804 fuerit
1229 731 1323 802 ratio
1346 742 1393 802 et

293 869 403 942 quam
426 846 500 918 vim
522 843 561 913 in
585 838 806 914 Graecorum
831 839 1050 936 philosophia
1075 838 1265 930 habuerit,
1294 863 1392 936 per-

293 951 474 1050 spiciatur.
514 949 562 1020 Ut
599 945 749 1020 Eleatici
783 971 907 1018 rerum
945 945 1131 1020 veritatem
1167 945 1393 1043 indagantes

298 1081 417 1130 unum
434 1081 513 1129 esse
525 1066 755 1144 statuerunt,
774 1055 823 1126 sic
841 1052 1067 1152 Pythagoreis
1092 1050 1228 1150 placuit
1250 1077 1392 1124 rerum

294 1163 468 1260 principia
495 1159 691 1259 generatim
720 1185 840 1230 unum
867 1185 940 1231 esse
971 1172 1008 1232 et
1037 1157 1173 1250 multa,
1202 1160 1301 1246 sive,
1341 1169 1395 1228 ut

295 1293 379 1340 cum
405 1267 553 1340 Platone
580 1267 696 1340 dicam
721 1263 769 1355 ⁵⁶,
796 1278 834 1345 ὡς
851 1271 885 1350 ἐξ
911 1272 970 1346 ἑνὸς
997 1271 1051 1359 μὲν
1075 1271 1126 1336 καὶ
1149 1269 1258 1336 πολλῶν
1282 1263 1393 1334 ὄντων

295 1486 433 1580 {oppres
463 1479 600 1574 ἔχοντων.
636 1480 759 1551 Totam
794 1493 962 1552 naturam
994 1481 1115 1550 animo
1144 1474 1394 1573 contemplati

294 1589 334 1660 in
357 1588 432 1661 duo
459 1613 588 1685 genera
613 1587 877 1658 distribuerunt
898 1586 1035 1658 diversa
1057 1589 1153 1658 inter
1174 1609 1212 1656 se
1231 1595 1268 1654 et
1292 1607 1393 1654 oon·

293 1696 428 1783 traria,
460 1692 572 1767 veluti
598 1717 692 1791 quae
717 1694 822 1765 modo
843 1695 1117 1768 memoravimus
1132 1697 1163 1762 τὸ
1174 1699 1261 1788 πέρας
1286 1701 1328 1761 st
1357 1695 1393 1760 τὸ

292 1799 438 1896 ἄπειρον,
464 1821 579 1896 eaque
608 1823 681 1869 una
709 1799 867 1895 quadam
892 1801 929 1868 vi
955 1801 1004 1868 ita
1033 1823 1106 1870 esse
1132 1796 1321 1868 constricta
1348 1807 1394 1868 et

293 1909 505 1998 consociata,
524 1917 569 1978 ut
588 1904 828 2003 pulcerrimus
848 1905 933 1978 inde
949 1907 1132 1978 exstiteret
1148 1929 1270 1977 rerum
1290 1902 1392 1976 ordo

291 2025 331 2087 et
358 2013 468 2084 totius
498 2023 649 2085 naturae
680 2024 900 2104 concentus,
928 2013 995 2110 qui
1023 2011 1104 2084 ideo
1131 2037 1152 2082 a
1182 2009 1394 2108 Pythagora

293 2130 396 2213 κόσμοι
423 2121 568 2191 nomine
596 2117 796 2192 celebratus
821 2131 884 2191 est.

341 2225 408 2298 Illa
428 2239 552 2298 sutem
570 2227 622 2300 vis
639 2229 713 2300 sive
730 2251 851 2298 unum
864 2223 958 2298 illud
971 2224 1080 2323 quale
1099 2222 1395 2324 intelligendum

293 2335 361 2426 sit,
388 2333 485 2409 varie
509 2345 600 2406 esta
623 2332 806 2406 veteribus
829 2333 1044 2430 expositum.
1069 2333 1296 2431 Antiquiores
1314 2331 1395 2431 Py·

173 2455 175 2458 ’
293 2439 476 2536 thagorei‚
501 2440 540 2508 in
565 2439 750 2510 contrariis
773 2439 966 2535 generibus
990 2439 1198 2536 indagandis
1223 2439 1393 2513 maxime

293 2548 451 2634 intenti,
478 2571 608 2644 parum
633 2543 813 2618 subtiliter
836 2543 1012 2618 definiisse
1033 2547 1224 2636 videntur,
1249 2559 1394 2621 utrum

294 2679 413 2726 unum
440 2652 507 2724 hoc
535 2650 780 2750 intelligerent
807 2649 963 2724 alterum
998 2677 1122 2724 rerum
1156 2651 1393 2727 elementum

293 2761 494 2859 (tanquam
518 2779 652 2856 περαῖνον
682 2759 888 2857 oppositum
911 2765 943 2829 τὸ
965 2761 1128 2857 scripsi),
1152 2785 1199 2831 an
1215 2785 1302 2834 vero
1320 2785 1394 2834 su-

292 2867 471 2964 periorem
490 2865 564 2938 vim
585 2865 784 2963 quandam,
806 2891 900 2963 quae
920 2865 1057 2939 diversa
1078 2867 1275 2940 contineret
1298 2869 1396 2960 jun-

294 2985 468 3072 geretque
491 2974 678 3044 contraria.
703 2973 772 3046 Sed
792 2985 986 3072 utramque
1008 2985 1176 3046 naturam
1195 2975 1395 3050 veteriores

293 3077 349 3150 illi
362 3103 493 3178 parum
505 3078 703 3153 distinxisse
718 3079 904 3168 videntur,
922 3091 959 3153 et
974 3091 1018 3152 ut
1033 3079 1258 3180 physicorum
1274 3079 1395 3180 pleri-

293 3213 366 3288 que
391 3199 474 3260 aute
499 3187 744 3287 Anaxagoram
769 3213 928 3262 caussam
960 3201 1166 3264 moventem
1200 3214 1286 3262 cum
1310 3190 1394 3287 ipsa

293 3319 417 3368 rerum
455 3295 603 3368 materie
627 3295 890 3388 confudepunt,
924 3293 1088 3367 similiter
1109 3293 1163 3368 illi
1192 3319 1345 3394 quoque
1364 3307 1395 3371 τὸ

290 3403 323 3474 ἓν
353 3399 451 3476 idem
479 3412 516 3472 et
543 3425 732 3474 summum
761 3401 882 3474 fecisse
912 3401 1084 3478 videntur
1108 3413 1258 3474 naturae
1285 3404 1393 3501 prin·

293 3506 454 3604 cipium,
489 3519 527 3578 et
565 3505 611 3578 ad
632 3507 788 3581 alterum
815 3503 980 3582 retulisse
1003 3533 1129 3580 rerum
1150 3533 1261 3606 genus
1287 3510 1394 3606 quod

292 3623 466 3712 tanquam
490 3622 580 3710 πέρας
606 3615 648 3709 τῷ
670 3625 782 3712 ἀπείρῳ
805 3626 898 3688 esset
927 3615 1131 3714 oppositum
1154 3613 1191 3686 ⁵⁷.
1215 3615 1279 3685 llis
1300 3639 1392 3692 vero

334 3821 398 3901 (so)
419 3823 526 3886 utiles.
551 3847 580 3908 p.
608 3825 645 3888 sc
667 3827 700 3888 c.

334 3912 397 3995 (57)
417 3913 544 3995 Longum
565 3916 639 3976 soret
660 3915 728 3977 haec
745 3930 869 3978 veterum
885 3917 1052 3978 testimoniis
1070 3917 1228 4000 explicare3
1249 3917 1387 3980 consula-

297 4009 344 4060 tur
364 4013 456 4062 autsm
476 4005 568 4063 Rittsr
586 4005 687 4065 Gesch.
709 4005 739 4066 d.
760 4007 878 4090 Pythag.
904 4005 1007 4069 Philas.
1025 4011 1172 4092 praecipue
1192 4029 1221 4089 p.
1247 4005 1305 4087 114
1321 4029 1384 4090 sqq·

299 4102 327 4151 ct
347 4111 414 4169 quos
435 4091 481 4152 hic
499 4093 595 4153 laudat
616 4107 752 4159 auctores.
