2870 4824
1157 403 1189 448 lx

98 550 296 651 quaerendi
321 551 669 642 studiodederent,
695 551 758 624 hos
785 551 934 627 demum
961 551 1188 654 philosophos
1322 577 1325 584 ·

96 683 330 784 appellandos
353 711 431 760 esse
453 685 667 788 Pythagoras
690 669 831 760 censuit
855 685 889 757 l.
948 675 957 694 ’

141 947 187 1017 In
208 943 414 1016 bisantem
442 941 691 1042 cognoscendis
707 945 819 1019 varias
846 945 960 1018 secuti
979 957 1067 1020 sunt
1084 948 1158 1024 vias
1178 977 1185 1022 :

95 1077 177 1170 alii,
196 1077 234 1152 vi
251 1099 429 1149 sensuum
447 1076 629 1169 commoti,
652 1099 907 1176 quaecumque
929 1091 1072 1176 possent
1096 1105 1187 1154 ocu-
1289 1141 1294 1156 .

95 1207 137 1282 lis
159 1209 394 1308 perspicere,
426 1206 708 1308 investigabant3
738 1207 820 1302 alii,
851 1211 982 1283 mentis
1010 1211 1186 1286 instinctu

95 1337 263 1431 incitati,
288 1337 503 1412 abstrusiora
538 1335 880 1437 persequebantur:
908 1337 958 1412 sic
982 1339 1105 1438 plures
1128 1367 1189 1416 ex-

94 1472 271 1544 stiterunt
291 1467 623 1569 philosophantium
644 1469 746 1570 quasi
772 1467 952 1562 familiae,
968 1471 1098 1564 lonici,
1119 1471 1186 1574 Py-

96 1601 286 1704 thagorei,
314 1600 492 1694 Eleatici3
520 1626 680 1702 quorum
711 1599 908 1700 multiplici
937 1599 1186 1703 disquisitione

96 1747 209 1808 tactae
233 1737 412 1831 jamsunt
433 1732 657 1832 gravissimae
679 1733 927 1832 quaestiones,
953 1757 1043 1833 quas
1064 1747 1185 1834 postea

91 1869 226 1942 summi
265 1865 472 1966 philosophi
509 1865 660 1939 uberius
698 1877 978 1963 pertractarunt.
1015 1865 1086 1940 Sed
1119 1867 1185 1967 qui

1 2059 6 2070 .
92 1999 199 2098 primi
224 1996 272 2072 ad
292 1995 382 2070 haec
399 1994 633 2088 accederent,
659 2019 882 2094 quamquam
908 1993 1112 2070 incredibili
1127 2022 1185 2070 es-

92 2145 171 2208 sent
185 2133 359 2208 scientiae
377 2121 517 2225 ardore,
536 2143 657 2205 tamen
675 2131 919 2230 experientiae
940 2157 1065 2206 rerum
1080 2143 1186 2208 erant
1221 2181 1224 2188 -

94 2279 283 2366 expertes,
308 2267 348 2338 in
377 2263 580 2338 disserendo
608 2289 724 2364 paene
758 2264 887 2358 rudes,
912 2265 1076 2338 destituti
1108 2265 1184 2365 ple-

94 2399 217 2499 risque
249 2397 409 2472 discendi
438 2397 713 2488 instrumentis,
743 2395 878 2495 quibus
899 2410 1051 2471 naturae
1067 2397 1186 2473 aditus

94 2543 145 2602 est
167 2528 413 2630 aperiendus,
436 2539 559 2601 contra
585 2526 719 2600 imbuti
745 2531 933 2625 poetarum
965 2527 1119 2623 fabulis,
1148 2543 1186 2603 et

93 2661 176 2759 ipsi,
205 2661 277 2733 nisi
292 2661 434 2758 poetico
450 2657 558 2757 plane
580 2660 737 2758 ingenio,
761 2659 905 2759 poeseos
930 2671 1052 2735 tamen
1067 2659 1186 2736 colore

95 2769 212 2871 tincti.
233 2796 318 2892 Quo
338 2796 473 2869 factum
496 2805 572 2887 est,
598 2805 643 2867 ut
669 2819 763 2894 quac
788 2819 912 2868 rerum
939 2793 1184 2872 observatione

95 2940 131 3002 et
146 2927 362 3028 cogitatione
371 2925 571 3026 perspicere
582 2949 656 2996 non
666 2937 823 3024 possent,
834 2951 889 3017 ea,
903 2926 1033 3000 mentis
1043 2927 1185 3026 impetu

96 3059 262 3152 incitati,
287 3057 456 3158 fingendo
479 3053 723 3158 supplerent:
748 3057 798 3130 sic
822 3055 938 3131 multa
959 3056 1185 3158 philosopho-

98 3219 178 3268 rum
202 3202 410 3265 commenta
423 3195 614 3288 poetarum
626 3187 758 3262 fabulis
780 3187 930 3262 fuerunt
940 3187 1091 3283 similes3
1111 3215 1183 3263 cos·
1230 3169 1236 3178 ⁸

97 3323 276 3424 mogonias
305 3323 492 3394 linxerunt
522 3319 698 3420 portentis
725 3331 762 3394 et
785 3319 1002 3420 imaginibus
1037 3319 1184 3418 plenas;

97 3471 165 3534 tota
192 3457 356 3556 denique
385 3479 512 3529 eorum
542 3452 764 3555 philosophia
789 3459 933 3552 poeseos
956 3463 1057 3526 tactu
1084 3451 1184 3526 colo-

97 3605 191 3688 rata,
235 3615 314 3664 non
347 3588 458 3688 magis
486 3591 629 3688 φιλόσοφος
654 3597 730 3660 erat
752 3610 863 3686 quam
894 3589 1073 3685 φιλόμυθος,
1110 3595 1184 3656 tam

96 3724 303 3804 fabularum
329 3747 441 3822 quam
466 3721 627 3795 veritatis
652 3742 799 3814 amans,
824 3718 926 3793 unde
952 3741 1025 3790 non
1052 3713 1179 3790 imme-

95 3859 157 3932 rito
171 3853 405 3962 philosophia
421 3852 508 3928 haec
530 3853 666 3954 poetica
692 3863 808 3954 potest
834 3837 1018 3952 appellari.
1043 3849 1182 3926 Verum

123 4109 163 4192 Γ)
185 4109 299 4171 Cicero
318 4103 404 4166 Tusc.
423 4105 476 4182 Qu.
492 4101 534 4178 V,
558 4107 587 4166 3.
615 4093 619 4103 ’
