2870 4824
396 430 402 440 .
478 397 552 442 vrrs
576 399 615 442 sn
638 399 760 442 scurra.
1117 379 1163 444 29

66 557 197 647 quanto
216 547 351 622 floruit
372 549 609 645 Plutarchus,
637 554 770 627 horum
787 547 989 628 testimonia
1019 555 1161 654 (quan-

68 667 142 728 tum
167 656 280 732 nobis
299 657 468 753 judicare
492 659 601 758 licet)
623 660 716 733 nihil
736 664 945 756 continent,
971 665 1070 762 quod
1089 690 1163 738 non
1249 661 1253 668 ’

72 787 110 834 cn
133 763 269 836 rivulis
287 767 412 862 potius
445 792 552 864 quam
572 793 616 840 ex
637 769 713 865 ipso
731 769 830 840 lonte
854 768 1007 842 ductum
1038 770 1162 847 videa-

74 881 136 941 tur.
160 870 394 960 Manifestius
416 898 504 949 vero
528 873 595 946 hoc
621 887 782 971 arguunt
798 875 946 948 seriores
971 876 1037 974 qui
1058 877 1104 950 de
1120 903 1162 950 eo

75 989 424 1067 commemorarunt,
441 1003 599 1077 quorum
618 981 726 1077 primi
751 981 960 1052 nominandi
978 995 1065 1054 sunt
1089 984 1164 1056 Ga-

75 1089 164 1152 leam
182 1094 221 1155 et
234 1087 364 1156 Sextus
382 1089 610 1180 Empiricos,
629 1085 720 1158 alter
737 1086 898 1160 medicus
913 1087 1009 1159 idem
1026 1100 1063 1160 et
1079 1087 1164 1186 phi·

74 1186 241 1285 losophus
272 1180 482 1280 excellens,
510 1190 601 1264 alter
629 1194 881 1291 Scepticorum
910 1193 1160 1287 doctissimus,

73 1309 228 1393 uterque
248 1297 409 1370 secundo
433 1311 512 1396 post
536 1299 720 1373 Christum
746 1291 868 1374 seculo
891 1299 1009 1374 clarus
1029 1327 1037 1372 ι
1054 1298 1161 1374 Gale·

72 1429 137 1476 nus
157 1405 275 1503 igitur
294 1406 334 1476 in
350 1406 583 1504 Xenophanis
610 1406 740 1506 placito
760 1408 918 1507 quodam
941 1406 1161 1507 explorando

71 1510 303 1608 Theophrasti
320 1515 568 1586 auctoritatem
584 1513 708 1608 affert,
726 1515 823 1618 quod
840 1527 938 1617 certe
963 1541 1037 1587 non
1062 1517 1162 1588 secis-

73 1629 142 1710 set,
170 1619 201 1691 si
229 1645 274 1692 ex
305 1621 418 1718 ipsius
448 1622 609 1698 versibus
636 1623 809 1720 potuisset
839 1626 918 1718 ejus
946 1626 1162 1698 sententiam

73 1751 291 1823 mgnoscere.
329 1729 459 1800 Sextus
479 1741 602 1802 autem
629 1728 753 1826 plures
787 1728 1016 1826 Xenophanis
1039 1755 1162 1805 versus

74 1834 225 1930 profert,
240 1833 427 1906 interdum
442 1860 526 1908 vero
539 1835 604 1927 ita,
620 1848 664 1907 ut
680 1835 853 1933 significet
865 1861 902 1907 se
915 1861 955 1908 ea
973 1861 1047 1908 non
1065 1850 1162 1912 certa

72 1942 284 2012 auctoritate
310 1940 373 2012 sed
391 1939 544 2012 aliorum
562 1953 707 2013 tantum
730 1942 823 2012 lama
853 1944 1025 2039 accepisse
1049 1941 1160 2015 ⁶’.hb

70 2047 123 2120 his
144 2073 221 2146 quo
248 2047 392 2147 longius
411 2049 543 2122 deinde
568 2049 756 2147 procedas,
772 2074 900 2122 eorum
919 2050 1103 2122 obscurior
1118 2052 1161 2122 fit

69 2155 299 2254 Xenophanis
334 2157 517 2228 memoria.
542 2153 830 2246 Neo-Platonici,
860 2157 926 2254 qui
950 2156 1046 2228 intra
1080 2167 1158 2229 ter-

71 2263 163 2335 tium
176 2275 215 2337 et
226 2263 401 2360 quintum
413 2261 578 2336 seculum
593 2275 672 2362 post
688 2263 771 2335 Chr.
791 2263 979 2356 vixerunt,
994 2269 1160 2360 Porphy-

72 2377 149 2442 n'us
174 2382 213 2443 et
235 2375 384 2441 Proetus
398 2393 412 2457 ,⁴
437 2368 610 2467 praeclari
633 2369 818 2461 homines,
847 2369 909 2443 sed
938 2371 1161 2468 antiquitatis

73 2487 173 2550 testes
194 2501 327 2574 parurn
340 2475 557 2575 locupletes,
574 2501 648 2548 non
668 2478 737 2548 nisi
751 2502 865 2574 pauca
887 2476 933 2548 de
954 2502 996 2549 ec
1020 2501 1160 2549 memo*

72 2595 150 2654 rant
168 2608 286 2681 eaque
306 2609 435 2680 parum
450 2582 660 2656 luculenter
673 2581 715 2674 ⁶³3
732 2582 974 2680 diligentiores
997 2582 1052 2654 his
1080 2583 1160 2658 fue·

73 2703 156 2762 runt
173 2689 411 2782 Aristotelici,
438 2691 627 2789 inprimis
656 2691 861 2761 Alexander
895 2689 1158 2785 Aphrodisius,

73 2798 130 2892 qui
147 2797 255 2869 tertio
267 2795 403 2888 seculo,
417 2802 568 2870 Ioannes
577 2799 844 2891 Philoponua'et
854 2799 1067 2890 Simplicius,
1094 2799 1160 2896 qui
1217 2849 1221 2856 -

73 2916 163 2976 sexto
180 2916 262 3002 post
273 2903 454 2976 Christum
471 2917 599 2978 natum
616 2902 835 2992 floruerunt,
851 2928 1010 3000 quorum
1034 2906 1160 2978 studiis

73 3009 205 3083 multae
225 3011 359 3087 veteris
388 3010 629 3111 philosophiae
649 3023 767 3107 partes
790 3011 930 3108 egregie
961 3008 1160 3085 illustratae
1184 3035 1188 3046 ·

73 3132 159 3190 sunt.
179 3118 381 3194 Alexandri
399 3131 519 3194 tamen
542 3145 615 3191 non
635 3119 704 3190 nisi
723 3117 851 3216 exigua
872 3117 917 3191 de
938 3117 1160 3216 Xenophane

76 3233 357 3302 commemoratio
369 3241 509 3304 exstata
521 3225 704 3326 Simplicio
716 3225 857 3323 prodita
871 3223 907 3320 ⁶⁴3
919 3223 1160 3326 Philoponus,

102 3467 168 3548 (62)
192 3467 296 3530 Galeni
314 3470 503 3531 testimonium
514 3471 543 3530 io
565 3470 721 3530 Commeat.
739 3469 769 3526 in
779 3467 944 3549 Hippocrat.
959 3465 994 3527 de
1004 3468 1060 3528 Nat
1080 3467 1157 3530 hom.

69 3575 98 3630 r,
124 3557 146 3640 §
172 3579 199 3618 r.
224 3559 302 3618 infra
319 3559 515 3642 explicabitur.
533 3561 576 3620 De
593 3559 680 3620 Sexto
698 3557 841 3639 Empiricc
861 3557 992 3636 cognosci
1012 3569 1103 3638 potest
1122 3575 1159 3618 ex

62 3645 91 3704 iis
109 3669 185 3726 quae
198 3647 239 3708 ad
257 3649 358 3728 fragm.
378 3651 459 3712 Vlll.
480 3651 636 3710 afferemus.

96 3737 131 3796 ln
163 3737 212 3798 his
243 3735 413 3819 indagandis
443 3740 569 3822 praeivit
601 3739 674 3798 Clar.
703 3733 823 3796 Brandis
853 3736 1009 3797 Comment.
1037 3731 1153 3795 Eleatic.

76 3848 137 3888 ,ιο
162 3849 230 3906 sq.

57 3845 74 3906 P
95 3915 164 3994 (63)
178 3849 290 3979 qProcli
300 3917 490 3978 testimonium
500 3917 585 3980 modo
603 3917 660 4000 jam
670 3914 791 3979 vidimus
800 3937 829 3998 p.
848 3913 897 3977 25.
912 3909 1060 3994 Porphyrii
1072 3911 1157 3976 rerba

55 4011 197 4070 adenmns
221 4007 261 4068 ad
279 4009 380 4088 fragm.
402 4007 442 4068 X.

87 4098 156 4182 (64)
180 4097 256 4165 vid.
276 4097 393 4178 Disput.
415 4110 539 4160 nostram
559 4098 580 4160 l.
597 4095 628 4160 l.⁴
717 4169 718 4172 Ἴ
