2870 4824
290 368 343 410 ΧΠ

289 539 390 607 vero,
416 530 605 616 postquam
621 515 748 588 literae
771 539 791 588 e
816 511 965 589 Graecia
978 513 1233 590 Alexandriam
1261 529 1378 591 traus-

185 732 188 741 Ι
288 629 507 748 migrarunt,
523 673 609 720 curn
622 659 820 746 augeretur
838 647 878 719 in
895 646 971 722 dies
990 658 1028 720 et
1043 645 1378 746 philosophantium

295 805 472 884 numerus
496 790 534 852 et
566 779 781 876 opinionum
804 777 1040 875 discrepantia
1063 803 1104 870 ac
1127 789 1268 853 veteres
1298 781 1380 853 fon-

289 923 342 984 tes
364 916 441 1008 jam
464 935 669 984 exarescere
701 911 922 1010 coepissent,
950 907 1152 1009 philosophi
1174 923 1214 986 et
1241 909 1382 985 literati

288 1043 450 1116 homines
478 1043 519 1114 in
549 1043 772 1142 antiquitatis
806 1043 1104 1143 pervestigatione
1139 1046 1304 1143 occupati
1332 1072 1381 1120 eo

288 1201 436 1274 operam
456 1159 656 1270 dederuut,
684 1187 728 1247 ut
758 1175 944 1248 vetustatis
974 1171 1145 1273 reliquias
1177 1187 1216 1248 et
1244 1174 1382 1274 placita

288 1308 454 1407 undique
477 1305 711 1408 colligerent,
735 1306 891 1405 dispersa
917 1319 1175 1405 componerent
1194 1319 1231 1382 et
1249 1309 1383 1386 ordine

289 1437 505 1536 digererent.
532 1439 628 1510 Hine
655 1462 808 1536 magnus
834 1437 968 1511 exstitit
993 1435 1171 1512 librorum
1199 1465 1383 1516 numerus

289 1571 490 1670 priscorum
514 1569 644 1668 placita
677 1569 964 1667 explicantium,
989 1593 1147 1668 quorum
1175 1571 1250 1669 ipsa
1279 1573 1382 1646 mul-

290 1703 409 1778 titudo
421 1704 670 1804 antiquiorum
680 1704 895 1802 scriptorum
914 1703 1119 1776 auctoritati
1138 1702 1256 1778 offecit
1268 1719 1305 1779 et
1316 1707 1383 1804 ip-

289 1860 343 1908 sos
372 1835 487 1908 fontes
519 1859 635 1932 paene
660 1829 807 1906 obruit(
827 1832 886 1905 Ah
916 1832 971 1904 his
998 1829 1125 1908 rivulis
1152 1833 1262 1908 ducta
1291 1849 1383 1910 aunt

288 1965 463 2067 pleraque
490 1964 553 2039 illa
583 1963 829 2064 philosophiae
858 1963 1071 2063 compendia
1086 1941 1195 2064 'quae
1220 1965 1265 2039 ad
1289 1993 1383 2040 nos-

289 2111 383 2172 tram
400 2109 555 2172 aetatem
572 2107 840 2196 pervenerunt,
860 2090 1068 2186 Plutarchi,
1086 2093 1233 2192 Galeui,
1244 2096 1384 2198 Orige-

287 2231 365 2322 nis,
379 2228 544 2323 Stohaei,
567 2227 743 2321 aliorum,
758 2252 854 2327 quae
881 2239 965 2300 nota
987 2239 1075 2301 suut
1099 2225 1277 2302 omnibus.
1302 2228 1384 2301 Ho-

289 2385 374 2434 rum
409 2385 504 2459 quae
539 2359 630 2432 ratio
660 2359 734 2450 sit,
764 2358 833 2456 ipsi
863 2355 1043 2431 librorum
1074 2357 1177 2433 tituli
1204 2357 1381 2433 indicant.

288 2482 490 2565 Non'enim
515 2501 676 2562 mentem
692 2499 730 2564 et
750 2488 968 2563 sententiam
988 2487 1284 2589 philosophorum
1307 2517 1382 2565 ex-

289 2623 445 2722 plicant,
471 2621 534 2694 sed
557 2619 689 2720 placita
714 2633 859 2694 tantum
886 2620 1098 2722 designant,
1130 2633 1228 2696 certo
1252 2621 1385 2698 ordine

289 2754 477 2853 disposita,
506 2752 678 2828 brevibus
697 2751 837 2827 inclusa
860 2754 1072 2847 sententiis,
1097 2753 1186 2828 adeo
1218 2753 1382 2849 exiliter,

232 2912 235 2921 ’
290 2886 379 2960 adeo
402 2889 555 2982 jejune,
582 2898 627 2958 ut
656 2910 704 2958 ne
727 2884 897 2959 umbram
925 2885 1076 2984 quidem
1097 2885 1254 2958 referant
1278 2889 1384 2958 anti-

220 3029 224 3044 '
289 3018 437 3117 quitatis
453 3043 461 3088 :
475 3043 496 3091 e
509 3015 644 3116 quibus
655 3017 685 3088 si
699 3017 781 3116 quis
796 3026 902 3114 putet
918 3013 1067 3088 illorum
1084 3015 1259 3088 rationem
1278 3040 1385 3114 posse

291 3147 470 3249 intelligi,
497 3147 597 3222 hand
621 3147 753 3222 melius
785 3149 965 3222 existimet
988 3173 1096 3247 quam
1119 3149 1149 3220 si
1178 3158 1231 3220 ex'
1258 3146 1384 3222 Iliadis

292 3279 449 3379 quadam
480 3281 638 3378 epitome
668 3281 816 3354 Homeri
845 3279 1035 3378 ingenium
1064 3255 1176 3354 vellet
1202 3277 1382 3372 judicare.

289 3409 404 3508 Majus
426 3409 600 3509 quiddam
620 3423 658 3484 et
678 3409 836 3510 amplius
860 3409 1039 3484 desiderat
1057 3396 1301 3509 philosophiae
1321 3438 1383 3484 co-

293 3546 418 3646 gnitio.
448 3545 494 3618 Ut
519 3545 616 3618 enim
642 3545 808 3644 gentium
834 3543 979 3618 historia
999 3570 1072 3617 non
1096 3557 1298 3620 eventuum
1320 3571 1382 3618 ac-

290 3689 486 3777 torumque
502 3677 685 3750 notatione
700 3688 869 3750 contenta
886 3687 958 3768 est,
972 3675 1085 3750 sedet
1101 3701 1238 3750 caussas
1249 3699 1383 3748 eorum

291 3817 329 3878 et
353 3807 497 3880 consilia
523 3809 691 3909 quaerit,
717 3821 755 3881 et
778 3825 909 3882 rerum‘
922 3811 1217 3916 'opportunitates
1239 3817 1383 3903 tempo-

290 3965 447 4039 rumque
481 3953 663 4016 momenta
690 3941 868 4042 designat,
887 3952 926 4015 et
959 3956 1003 4032 ut
1036 3945 1217 4041 cujusque
1250 3941 1385 4040 populi

290 4099 426 4168 mores,
446 4073 586 4170 studia,
602 4073 724 4150 cultus
748 4074 990 4173 significetur,
1011 4085 1215 4172 exspectat3
1233 4073 1281 4146 sic
1299 4071 1383 4171 phi-
