2942 4830
514 370 753 420 rumosorma.
1105 357 1167 420 225

102 524 269 638 legimus.
287 535 538 611 Parmenidem
555 537 627 612 duo
651 539 827 629 statuisse,
849 538 1000 637 »iguem
1016 538 1081 637 qui
1097 559 1169 610 rno-

101 673 193 750 veat‚
208 673 342 734 terram
359 683 452 760 quae
474 657 519 732 ab
540 685 581 760 eo
602 657 808 752 formetur'';
825 670 860 706 ¹¹
888 671 924 730 et
943 672 1026 732 ante
1042 657 1172 731 Cicero

100 803 177 852 nem
188 779 328 854 dixerat
338 779 618 880 Theophrastus,
632 795 760 880 terram
783 781 1031 879 materiem,
1051 780 1172 877 ignem

99 913 216 973 eutem
244 925 433 974 caussam
466 901 745 976 efficientem
778 901 1028 1001 appellarem.
1078 899 1173 972 Cum

99 1017 150 1092 his
171 1017 337 1120 plerique
357 1023 575 1097 Parmenidis
601 1023 769 1122 placitum
791 1026 1063 1120 interpretantes
1088 1043 1174 1092 oon-

94 1143 246 1234 cinuut,
270 1142 469 1218 calidum
491 1146 567 1220 sive
587 1145 705 1220 lucem
719 1141 1174 1245 appellantesrrornrssdv,

102 1260 259 1356 cirros,
289 1261 554 1366 δημιουργ6ν;
575 1267 790 1365 frigidum
811 1293 877 1342 seu
900 1279 1040 1340 noctem
1058 1265 1175 1355 ὕλην,

103 1385 237 1460 ὑλικόν
256 1395 311 1460 ¹³.
372 1389 475 1479 Quae
507 1391 646 1488 omnia,
679 1413 900 1488 quamquam
935 1411 1011 1462 non
1052 1383 1176 1458 iisdem
1243 1367 1272 1482 ρ’

102 1505 231 1599 verbis,
250 1507 347 1582 idem
366 1495 492 1583 tamen
509 1512 703 1612 significant
725 1525 833 1609 atquc
853 1508 1115 1583 Aristotelicum
1134 1508 1176 1584 is

104 1639 136 1698 et
154 1628 206 1721 μὴ
229 1630 291 1720 i‘r,
313 1629 352 1700 in
376 1631 484 1704 sitero
504 1632 630 1724 (dicam
648 1631 771 1704 minus
786 1630 911 1727 latine)
927 1631 1177 1728 positivam,

103 1747 137 1817 in
162 1748 274 1822 altero
296 1753 547 1850 negativam
567 1755 680 1826 inesse
702 1765 920 1849 potestatem.

88 1871 95 1887 “
149 1869 220 1942 Hoc
234 1887 360 1946 autem
377 1871 562 1946 discrimen
581 1899 782 1972 congruum
801 1871 948 1973 quid-eru
963 1887 1016 1945 est
1030 1873 1179 1946 Parme-

106 1989 188 2064 nidis
208 1996 424 2084 sententiae,
443 2019 509 2067 nec
528 2009 645 2067 tamen
663 1992 780 2092 plane.
832 1993 931 2064 Licet
946 1993 1043 2064 enim
1060 1991 1179 2064 lucem

106 2113 227 2186 naturai
243 2113 414 2188 leviorem
430 2129 466 2186 et
484 2113 707 2205 viridiorem,
724 2128 865 2210 noctem
875 2115 1072 2212 graviorem
1083 2138 1180 2184 cras-

107 2233 300 2336 sioremque
321 2237 457 2327 fecerit,
484 2261 556 2310 non
576 2249 697 2308 tamen
715 2234 834 2308 ambas
854 2237 899 2308 ita
928 2245 1098 2332 potestate
1121 2232 1179 2306 di-

108 2355 222 2430 stinxit
242 2371 288 2432 ut
316 2356 411 2432 illam
433 2383 592 2432 cannam
613 2358 741 2430 mundi
762 2355 991 2444 effectricem,
1012 2355 1105 2426 hanc
1125 2357 1179 2426 in·
1218 2341 1221 2348 ’

108 2487 212 2550 ertem
243 2482 429 2554 materiem
461 2479 604 2586 dixerit:
634 2481 781 2578 utrique
811 2503 914 2552 suam
940 2491 977 2550 et
1002 2480 1180 2574 propriam

136 2694 191 2765 (ιι)
225 2699 303 2752 rear.
322 2702 368 2761 Qu.
390 2703 429 2762 11,
448 2701 487 2764 37.
556 2665 565 2696 '

136 2785 189 2853 (ta)
219 2789 413 2861 Theophrastus
428 2791 520 2843 citatus
538 2792 615 2843 modo
637 2800 689 2844 not.
708 2791 731 2844 3.

137 2873 188 2947 (13)
220 2881 272 2944 Iis,
291 2899 355 2952 qnos
371 2882 447 2934 modo
467 2891 521 2936 not.
541 2882 557 2934 3
579 2882 728 2945 citavimus,
753 2882 882 2934 addantur
900 2883 1043 2935 Alexander·
1065 2883 1182 2953 Aphrod.

109 2961 132 3014 in
151 2967 292 3040 tcaput.
318 2988 347 3022 ro
367 2975 403 3022 ΑΒ
421 2975 538 3040 (tristot.
560 2991 585 3042 p.
597 2973 646 3036 648
665 2975 698 3038 F)
716 2974 777 3025 εοΡ.
797 2972 849 3024 duo
868 2973 993 3042 principia
1012 2975 1126 3041 ponebat
1140 2974 1182 3042 ip·

109 3053 170 3107 »οἱον
188 3060 279 3112 mundi
298 3068 325 3114 et
343 3079 432 3114 rernm
450 3081 516 3133 quae
538 3063 571 3113 ad
590 3061 660 3113 huuc
681 3063 807 3114 mundum
827 3073 896 3127 sunt,
914 3066 998 3130 ignem
1020 3071 1047 3116 et
1068 3071 1182 3127 terram

110 3157 230 3210 ’quorum
252 3151 340 3217 iguem
366 3167 421 3204 ens
445 3152 566 3217 dicebat,
591 3161 688 3204 terram
709 3169 775 3203 non
797 3169 852 3204 ens
873 3161 900 3205 et
919 3153 1114 3220 frigidum...
1147 3158 1182 3205 Αο

110 3229 227 3288 ’sonans
248 3238 413 3293 Parmenides
431 3240 552 3310 frigidum
569 3241 716 3312 appellabat
733 3257 805 3294 non
827 3259 899 3304 ens,
915 3259 996 3313 qaum
1018 3245 1081 3294 haec
1105 3245 1183 3308 magia

111 3327 160 3370 ‘eat
181 3339 206 3373 m
216 3343 231 3376 a
241 3333 252 3377 t
262 3345 277 3377 e
286 3344 301 3378 s
309 3327 338 3379 ia
347 3329 394 3382 lis
417 3347 522 3394 caussas
544 3332 656 3386 videtur,
668 3340 757 3384 autem
776 3333 884 3386 materia
905 3350 960 3386 esse
971 3331 1103 3402 quoddam
1116 3349 1183 3384 noa·

113 3410 191 3460 ¹ens.”
223 3415 266 3468 Jo.
290 3415 445 3486 Philoponus
467 3422 500 3473 de
520 3423 612 3474 Gener.
632 3430 659 3474 et
682 3421 789 3475 Corus.
812 3421 840 3474 13
860 3426 897 3478 Α,
922 3420 1077 3474 Parmenidis
1090 3421 1183 3487 piacita

111 3495 140 3544 ad
159 3499 344 3556 aristotelicam
366 3509 491 3562 rationem
513 3513 708 3564 accommodans
728 3513 803 3566 dicit:
834 3517 886 3581 τὴν
904 3511 953 3574 μὲν
973 3511 1184 3579 dissuadens

111 3585 223 3660 (⁰²ivt'oev)
246 3599 289 3664 μὴ
308 3599 342 3650 ὃν
361 3600 475 3654 ἐκάλουν
496 3603 522 3654 οἱ
540 3606 607 3674 περὶ
623 3604 815 3674 Παρμενίδην,
832 3611 884 3674 τὴν
903 3604 936 3657 δὲ
955 3606 1184 3673 εὶδιαυτὲραν

114 3674 144 3728 ὅ*
162 3700 168 3714 ·
190 3687 238 3738 διὰ
258 3692 311 3757 γάρ
329 3711 374 3744 τοι
392 3697 477 3747 τοῦτο
497 3681 577 3756 οὗτος
594 3697 608 3746 ὁ
626 3697 695 3768 dane
711 3702 762 3767 τὴν
780 3697 830 3763 μὲν
848 3704 900 3766 γῆν
917 3701 959 3766 μὴ
976 3699 1014 3749 ὃν
1031 3695 1183 3762 ὠνόμασεν,

61 3839 64 3848 ,
115 3767 144 3830 ⁰3⁹
160 3777 242 3851 Mtte
262 3785 344 3854 λόγον
363 3791 535 3858 ἐπέχουσαν,
553 3794 585 3843 τὸ
602 3791 635 3844 et
649 3795 707 3861 πῦρ
724 3793 770 3854 dv,
788 3789 822 3850 ὥς
840 3793 963 3842 timii*
983 3791 1030 3840 *ἀι
1049 3789 1185 3841 θῖδῢῖὧ·

115 3881 222 3936 τερον.
256 3875 381 3944 Diogenes
400 3881 428 3934 L.
452 3883 511 3946 IX,
533 3899 553 3935 s.
573 3899 618 3944 nr.
643 3883 720 3948 dicit,
742 3885 774 3935 st
792 3885 849 3952 πῦρ
868 3885 1086 3952 δημιουργοῦ
1109 3884 1186 3941 τάξιν

117 3951 194 4022 izos.
225 3966 295 4036 quod
314 3969 470 4022 vocabulum
504 3971 574 4041 apud
597 3971 765 4045 philosophos
795 3973 863 4026 idem
895 3983 969 4026 notat
993 3973 1065 4044 quod
1095 3978 1186 4027 αἴτιον

117 4047 164 4103 tite
182 4060 289 4110 πονοῦν.
319 4059 357 4112 Cf.
375 4058 546 4124 Plutarchus,
567 4060 600 4115 de
620 4063 704 4131 primo
726 4062 834 4128 frigido,
859 4062 915 4116 Vni.
926 4064 972 4128 IX,
983 4080 1009 4132 p.
1025 4079 1072 4132 729
1084 4063 1168 4118 Reisir.

1000 4155 1041 4229 15
