2840 4820
482 401 696 444 ruinosornra.
1063 389 1125 452 117

57 545 217 644 Euripidis
234 551 423 622 sententia
436 541 509 623 fere
521 564 741 649 congruunt3
757 565 792 624 at
809 566 944 651 quanto
957 552 1125 626 excelsior

56 665 96 726 est
114 654 355 752 Xenophanis
377 656 438 732 ille
474 657 591 749 Deus,
621 685 731 756 quem
752 673 880 732 natura
913 660 1020 733 talem
1052 671 1125 734 esse

54 762 189 852 censuit,
218 775 267 832 nt
295 788 397 835 unus
432 763 676 838 dominaretur
702 780 911 864 cunctaque
936 793 1000 839 suo
1028 779 1126 840 nutu

53 879 177 1044 girorii
195 895 211 986 ε.
228 867 470 1010 coprprohans
492 869 601 962 illud,
630 871 728 968 quod
751 871 931 970 praeclare
954 871 1123 944 Callima-

53 997 124 1042 cus
169 985 232 1046 rcrt
264 985 275 1010 ²
319 1002 326 1046 :

488 1151 513 1209 εἰ
537 1147 605 1210 θεὸν
632 1137 746 1231 οἶσθα,
819 1209 822 1216 .

133 1257 200 1330 tas'
222 1262 272 1334 ὅτι
301 1272 352 1332 καὶ
373 1262 456 1358 ῥέξαι
480 1265 590 1356 δαίμονι
615 1283 673 1366 notu
701 1267 830 1336 daverio.

549 1565 618 1645 cr.

89 1780 168 1877 Agit
193 1807 307 1878 porro
331 1781 374 1853 de
403 1783 469 1854 Dei
498 1795 626 1854 natura
657 1811 664 1856 :
696 1812 716 1856 u
734 1787 770 1856 Si
798 1813 895 1858 unus
922 1801 975 1860 est
999 1789 1122 1882 Deus,

54 1909 110 1956 una
137 1911 293 1985 quoque
322 1898 358 1959 et
380 1887 560 1986 aequabili
581 1901 634 1962 est
661 1902 788 1962 natura
819 1918 825 1960 :
853 1917 937 1962 nam
963 1894 1033 1966 sie
1061 1895 1122 1966 di-

53 1995 143 2064 rersis
179 1993 375 2068 elementis
403 2008 578 2067 constaret
618 2008 654 2068 et
681 1996 826 2069 diversis
854 1999 1017 2094 partibus
1032 2014 1121 2073 esset

54 2101 272 2188 constitutus,
293 2099 360 2172 alia
383 2103 438 2172 sui
466 2115 565 2198 parte
587 2103 838 2198 praestantior,
871 2101 939 2174 alia
966 2103 1121 2178 deterior

54 2202 128 2274 soret
143 2233 151 2276 :
168 2207 209 2278 id
232 2218 357 2278 autem
381 2233 401 2277 a
427 2207 500 2278 Deo
525 2205 709 2296 alienum,
736 2207 773 2277 in
800 2233 873 2304 quo
902 2207 1049 2281 nullum
1068 2223 1121 2283 est

54 2311 197 2404 partium
231 2313 436 2410 viriumque
464 2313 676 2402 discrimen,
707 2312 770 2384 sed
799 2338 871 2384 una
903 2329 941 2385 et
967 2315 1121 2412 simplici

55 2429 167 2490 natura
194 2417 358 2492 absolute
385 2420 564 2517 perfectus
591 2431 666 2510 est,
694 2431 804 2518 atque
833 2419 921 2492 adeo
949 2422 1118 2519 sphaerae

56 2520 148 2594 instar
172 2527 273 2598 omni
296 2553 339 2598 ex
368 2538 469 2624 parte
493 2527 550 2597 sui
576 2523 746 2596 similis.»

93 2705 276 2776 Sententia
290 2705 397 2794 haec,
425 2733 533 2778 unum
552 2731 624 2777 eata
641 2697 805 2802 qdiddum
831 2719 961 2778 nutura
978 2713 1120 2802 perfec-

56 2823 113 2881 tum
127 2827 159 2884 et
171 2815 372 2908 aequabile,
386 2813 599 2884 nobilissima
615 2814 686 2885 fuit
703 2815 741 2884 in
754 2815 866 2886 veteri
880 2814 1120 2913 philosophia,

57 2941 195 3017 eamque
224 2944 308 2990 cum
336 2918 548 3016 Pythagorei
573 2931 653 2991 turn
683 2923 876 3018 praecipue
901 2920 1049 2994 Eleatici
1068 2947 1121 2994 ce-

57 3021 242 3098 lebrarunt.
268 3025 449 3098 Laudatur
489 3025 581 3100 illud
613 3025 786 3123 placitum
826 3055 845 3098 a
876 3029 1044 3100 Cicerone
1082 3031 1121 3100 in

58 3127 135 3202 libro
151 3132 197 3205 de
224 3133 321 3203 Orat.
347 3133 421 3222 ΙΙΙ,
454 3131 500 3221 5,
524 3159 640 3229 quum
662 3133 748 3206 haec
767 3135 860 3204 dicat
887 3161 894 3204 :
927 3161 947 3205 u
960 3135 1013 3206 Ac
1031 3135 1120 3206 mihi

58 3238 240 3336 »quidem
279 3250 426 3311 veteres¹
446 3235 500 3308 illi
524 3243 638 3333 maJus
680 3239 851 3338 quiddam
880 3241 997 3310 animo
1021 3266 1118 3312 com-

59 3345 189 3441 »plexi
213 3342 329 3416 multo
355 3343 437 3442 plus
473 3347 580 3416 etiam
617 3345 741 3418 vidisse
776 3345 968 3438 videntur,
1009 3372 1119 3444 quam

59 3463 273 3548 »quantum
298 3464 500 3522 nostrorum
522 3453 750 3552 ingeniorum
780 3453 869 3525 acies
894 3453 1029 3525 intueri
1053 3481 1120 3551 po-

60 3581 75 3624 u
98 3571 184 3651 test,
201 3560 264 3661 qui
283 3559 401 3632 omnia
418 3560 524 3650 haec,
537 3585 630 3658 quae
648 3585 754 3658 supra
777 3571 813 3631 et
835 3559 980 3651 subter,
1002 3585 1120 3632 unum

61 3687 167 3738 resse
207 3676 243 3736 et
277 3691 349 3737 una
386 3666 419 3742 vi
448 3677 556 3764 atque
603 3692 675 3738 una
709 3679 858 3738 naturae
891 3665 1119 3744 consensione

60 3773 281 3844 »constricta
309 3797 380 3845 esse
407 3772 588 3848 dixerunt.
605 3799 625 3842 r>
653 3773 752 3845 Hanc
774 3785 925 3844 naturae
950 3772 1118 3868 aequabi-

1 4063 2 4086 ,
93 4001 150 4077 (231
171 4003 204 4061 ln
225 4003 324 4082 fragm.
344 4001 418 4083 apud
439 4003 580 4063 Plutarch.
594 4001 665 4083 plac.
680 4001 780 4082 philos.
802 4002 815 4060 l
827 4046 835 4075 ,
859 4023 886 4082 7.
907 4001 937 4060 iu
960 4001 1120 4064 Callimachi

1 4101 2 4110 ¹
63 4087 98 4148 ed.
118 4091 184 4150 Eun.
206 4092 241 4149 lr.
267 4096 330 4173 ¹³7·
352 4115 381 4173 p.
407 4092 488 4175 496,
660 4101 664 4109 ’
