2966 4824
275 329 338 394 136
447 381 450 390 .
670 341 718 392 on
739 335 954 395 ammoto

275 523 358 586 ante
380 534 507 584 earum
539 503 676 583 aditum
697 522 750 582 est
776 522 875 608 porta
899 531 1009 608 quam
1032 503 1184 580 custodit
1207 501 1349 580 lustitia

275 631 390 710 claves
419 645 566 724 tenens,
601 656 695 730 quae
734 627 974 730 nympharum
1009 643 1149 701 exorata
1184 627 1351 726 precibus

91 840 94 850 Ι
151 793 153 797 v
274 752 399 854 januas
424 751 576 851 benigne
604 749 767 825 recludit.
833 749 928 822 Tum
954 751 1060 848 passis
1081 745 1216 820 loribus
1241 749 1353 821 intrat

275 887 312 948 et
335 874 499 973 pervenit
521 877 559 945 in
581 871 727 973 adytum
742 871 855 962 Deae;
880 897 974 969 quae
996 859 1141 943 comiter
1160 884 1352 968 exceptum

275 993 420 1088 salutat,
455 993 500 1066 ad
536 993 727 1093 sapientiae
762 989 923 1063 studium
952 991 1135 1082 hortatur,
1160 1005 1197 1064 et
1219 989 1352 1064 deinde

274 1117 393 1188 omnia
417 1117 450 1190 ei
473 1130 546 1188 tam
568 1115 723 1192 veritatis
744 1112 868 1212 placita
890 1139 1011 1214 quam·
1024 1113 1233 1212 opinionum
1250 1138 1352 1184 com-

273 1251 395 1310 menta
416 1235 593 1336 explanat.
644 1235 771 1334 Itaque
792 1233 887 1308 illius
908 1236 1001 1308 Deae
1021 1259 1082 1307 ore
1102 1239 1218 1307 totum
1242 1233 1354 1307 dein-

273 1381 356 1456 ceps
378 1358 542 1430 carminis
565 1371 818 1455 argumentum
843 1359 1035 1456 exponitur
1049 1333 1093 1433 ’ἦ
1190 1369 1192 1374 ’

301 1479 441 1578 ‘Imago
466 1477 554 1552 haec
576 1477 651 1552 sive
674 1477 855 1578 allegoria,
878 1505 988 1578 quam
1016 1479 1244 1553 Parmenides
1272 1505 1353 1552 car-

267 1601 362 1678 mini
401 1601 624 1702 praeposuit,
660 1601 755 1673 inter
786 1601 1056 1700 praeclarissima
1095 1601 1353 1702 philosophicae

272 1727 417 1822 poeseos
449 1721 609 1820 exempla
635 1725 762 1796 merito
792 1735 844 1795 est
879 1721 1050 1796 habenda.
1101 1721 1180 1796 Non
1207 1739 1351 1798 tantum

150 1908 153 1916 ,
271 1869 316 1918 eo
341 1843 452 1936 valet,
477 1857 520 1918 ut
538 1869 604 1943 per
628 1843 695 1918 hoc
716 1859 887 1945 tanquam
906 1843 1043 1917 illustre
1063 1843 1278 1918 vestibulum
1298 1846 1352 1918 le-

269 1977 394 2066 gentes
410 1964 455 2038 ad
477 1965 656 2040 doetrinae
681 1965 879 2064 penetralia
899 1965 1024 2060 ducat,
1052 1965 1113 2040 sed
1139 1963 1247 2039 simul
1274 1963 1352 2038 ficte

270 2085 426 2184 imagine
450 2086 658 2160 interiorem
682 2087 827 2160 rationis
848 2113 932 2162 suae
956 2113 1101 2162 sensum
1122 2102 1354 2188 mentemque

268 2205 501 2306 philosophus
526 2209 706 2306 expressit.
737 2208 810 2280 Hoc
836 2211 943 2283 etiam
967 2223 1104 2284 veteres
1125 2207 1353 2283 animadver-

197 2351 200 2360 ·
270 2321 414 2422 ternum
429 2329 558 2406 Sextus
570 2328 790 2428 Empiricos,
809 2333 874 2431 qui
890 2332 1114 2431 prooemium
1129 2329 1218 2405 illud
1230 2357 1352 2406 serva·

269 2447 341 2542 vit,
364 2447 458 2524 hano
480 2448 576 2522 addit
603 2451 932 2549 interpretationem
959 2463 998 2526 ³:
1035 2459 1085 2530 Ἐν
1109 2460 1236 2535 τούτοις
1260 2465 1352 2550 Παρ-

270 2568 397 2665 μενίδης
429 2567 585 2654 όππους
620 2575 681 2668 μέν
715 2580 816 2670 Φνσιν
849 2578 946 2652 aleta
970 2579 1079 2674 φέρειν
1110 2577 1174 2658 τοις
1208 2575 1352 2675 ἀλόγους

270 2693 329 2780 τῆς
351 2689 473 2793 ψυχῆς
497 2691 601 2792 ὁρμάς
624 2721 662 2770 τε
687 2698 744 2770 καὶ
764 2697 888 2795 ὀρέξεις·
908 2700 1000 2774 κατὰ
1022 2697 1057 2775 tt
1077 2699 1148 2790 rhu
1165 2705 1353 2796 πολόφν-

270 2841 347 2911 μον
373 2815 461 2893 ὁδόν
491 2827 561 2891 τοῦ
592 2821 796 2916 Δαίμονος
819 2818 1087 2918 πορεύεσθαι,
1110 2826 1166 2914 τὶν
1183 2825 1276 2900 κατα
1297 2828 1351 2900 τόν

270 2935 459 3035 Φιλόσοφον
494 2933 601 3040 λόγονΙ
623 2938 770 3040 θεωρίαν,
795 2947 836 3024 ὡς
861 2943 961 3043 λόγος
983 2935 1183 3042 προπόμπου
1202 2943 1351 3042 δαίμονος

270 3059 389 3158 τρόπον
413 3059 471 3138 ἐπ)
491 3063 547 3154 τὴν
566 3062 724 3140 ἁπάντων
742 3064 856 3165 diupei
868 3071 997 3164 γνῶσιν·
1023 3074 1169 3167 κούρας
1192 3067 1231 3146 δὲ
1252 3073 1351 3144 cahos

270 3183 430 3286 προόγειν
454 3185 519 3267 τας
542 3185 730 3281 αἰσθήσεις,
754 3181 794 3264 ὧν
818 3188 882 3270 τοις
906 3193 967 3283 μὲν
990 3189 1097 3272 ιἰιιολις
1119 3193 1300 3269 αἰνίττεται
1320 3190 1351 3268 ἐν

76 3417 83 3428 .
190 3355 192 3360 ·
271 3305 477 3407 τῷλόγειν,

584 3479 680 3566 dorcic
704 3484 773 3584 γαρ
797 3481 952 3585 ἐπείγετο
977 3485 1180 3566 δινωτοῖσι

414 3638 546 3717 κόνλνις
556 3687 570 3727 ,

269 3757 451 3852 τουτέστι,
469 3761 536 3839 τοῖς
560 3762 622 3834 τιῗν
641 3759 748 3852 ὤτων,
771 3762 827 3852 τὴν
844 3759 949 3856 φῶννν
973 3759 1013 3838 δι’
1030 3757 1069 3838 ὧν
1089 3761 1347 3864 ααταδέχονται·
1464 3781 1465 3796 ’

269 3877 334 3960 σόος
359 3877 395 3956 δὲ
423 3877 548 3978 όροόσεις
573 3881 769 3966 Ἡλιάδας
805 3891 947 3983 κούρας
979 3887 1140 3979 αόιιλνιιε,
1177 3884 1345 3982 δόματα

300 4051 338 4121 (ι)
356 4053 413 4105 Vrd.
435 4071 483 4108 τοι.
507 4061 592 4112 ι-αθ.

300 4141 340 4211 (3)
361 4143 451 4200 Sextus
471 4145 592 4218 Empiric.
615 4149 676 4218 vn,
696 4169 714 4205 s.
739 4170 783 4206 rra
804 4168 858 4223 sqq·
934 4175 938 4186 ι
1064 4209 1067 4218 ,
