2870 4824
266 353 330 419 ’26
727 319 920 417 xnnoimnrs

280 523 351 596 bus
376 523 450 597 suis
479 522 642 621 inprimis
665 523 779 596 faceto
805 521 868 594 illo
889 534 928 596 et
949 519 1105 594 mordaci
1131 519 1274 594 dicendi
1296 546 1365 619 ge-

280 656 368 705 nere
390 657 499 705 usum
512 656 609 724 esse,
627 631 726 730 quod
749 645 867 730 postea
888 630 943 702 his
958 628 1150 730 generibus
1174 628 1369 727 proprium

279 737 446 812 habitum
461 751 514 812 est
538 765 549 811 t
574 738 772 838 eodemque
799 737 978 836 Apuleius
1012 749 1171 834 spectat,
1195 736 1260 835 qui
1288 735 1367 808 Xe-

279 845 489 945 nophanem
509 849 654 942 Satyros
679 873 805 919 canere
828 845 915 918 dicit
938 841 974 916 ⁵⁷.
998 845 1094 918 llaec
1118 843 1228 942 igitur
1253 845 1368 942 magis

279 949 438 1025 indolem
469 955 549 1048 ejus
577 955 782 1026 carminum
812 977 923 1051 quam
953 951 1105 1023 formam
1134 950 1366 1048 significant,

278 1087 400 1162 neque
423 1063 586 1157 obstant,
617 1065 836 1162 quominus
862 1074 1008 1136 auctore
1033 1063 1192 1161 Diogene
1222 1061 1366 1133 Laertio

277 1193 402 1242 versus
427 1174 507 1266 ejus
529 1171 574 1244 ad
605 1172 672 1242 tria
692 1169 755 1242 illa
780 1195 911 1269 genera
935 1195 1029 1268 quae
1055 1169 1198 1241 dudum
1233 1165 1366 1239 retuli-

277 1299 382 1368 mus,
406 1273 560 1375 elegias,
584 1275 718 1350 iambos
733 1290 771 1350 et
789 1277 950 1351 heroicos
975 1300 1113 1368 versus,
1136 1273 1269 1373 possint
1293 1299 1360 1346 re·

279 1381 377 1454 ferri.

785 1537 860 1623 §⁹·
929 1537 935 1544 ’

326 1729 420 1804 Cum
436 1743 560 1806 autem
572 1733 766 1832 praecipue
794 1733 896 1806 nobis
920 1731 1143 1831 propositum
1168 1731 1213 1802 sit
1230 1731 1269 1801 in
1287 1729 1366 1802 Xe-

277 1837 452 1935 nophanis
484 1837 744 1939 philosophiam
770 1841 983 1938 inquirere,
1019 1864 1094 1910 non
1121 1837 1281 1910 alienum
1305 1837 1366 1912 vi-

275 1943 409 2040 detur,
435 1949 648 2046 priusquam
666 1973 789 2025 versus
804 1951 884 2044 ejus
903 1960 941 2020 et
963 1945 1094 2045 placita
1119 1945 1362 2044 explicemus,

275 2055 322 2128 de
349 2081 391 2128 eo
416 2057 594 2149 carmine,
618 2057 657 2127 in
683 2057 826 2154 quode
850 2081 976 2128 rerum
995 2067 1125 2126 natura
1149 2054 1365 2128 vaticinatus

275 2163 338 2256 sit,
354 2189 469 2261 pauca
485 2163 668 2237 disserere.
688 2165 742 2238 De
756 2164 824 2238 hoc
837 2175 960 2237 autem
979 2163 1137 2236 carmine
1154 2173 1228 2234 tam
1247 2187 1365 2259 pauca

171 2292 177 2305 ·
229 2299 231 2304 ·
275 2269 321 2341 ad
337 2282 494 2342 nostram
511 2271 676 2342 notitiam
700 2283 966 2370 pervenerunt,
983 2282 1026 2341 ut
1049 2269 1157 2367 quale
1173 2267 1266 2340 illud
1283 2268 1364 2341 fue-

275 2377 324 2449 rit
336 2375 479 2450 difficile
499 2379 545 2448 sit
560 2378 773 2451 existimare.
794 2379 992 2450 Memorant
1011 2376 1158 2474 quidam
1176 2405 1199 2448 π
1211 2382 1277 2474 ep?
1299 2381 1364 2473 pt-

151 2514 155 2522 *
275 2485 381 2561 σἐως
408 2482 515 2556 fuisse
547 2483 760 2582 inscriptum
784 2483 831 2577 ⁵⁸3
847 2483 908 2557 sed
924 2507 1041 2581 quum
1057 2483 1268 2580 scriptores,
1296 2481 1364 2580 qui

275 2589 343 2663 hoc
374 2590 566 2683 referunt,
596 2603 712 2665 aetate
744 2594 816 2664 sint
845 2591 962 2664 multo
988 2591 1135 2664 seriores
1162 2603 1199 2664 et
1226 2587 1366 2662 leviore

276 2697 509 2788 auctoritate,
537 2696 738 2773 verendum
769 2711 843 2790 est,
871 2725 918 2770 ne
945 2697 1149 2770 hictitnlns
1172 2697 1365 2768 desumtns

274 2803 320 2875 sit
335 2827 381 2876 ex
397 2801 536 2900 vulgari
551 2803 780 2903 physicorum
796 2804 1078 2895 consuetudine,
1096 2804 1160 2900 qui
1176 2803 1225 2873 ita
1245 2827 1364 2900 quon·
1389 2849 1392 2853 -

274 2909 357 2981 dam
383 2907 492 2988 libros
510 2935 592 2983 suos
620 2910 776 2984 solerent
803 2911 1008 2984 inscribere.
1033 2909 1263 3008 Xenophanis
1279 2933 1365 2980 car·

274 3045 360 3092 men
374 3018 483 3090 fuisse
498 3018 548 3090 ita
567 3019 781 3118 inscriptum
804 3045 935 3118 parum
959 3018 1145 3117 probabile
1169 3031 1241 3107 est,
1259 3018 1362 3115 quod

274 3153 347 3202 non
373 3125 486 3200 literis
508 3129 727 3229 consignasse
746 3155 869 3206 versus
894 3154 1004 3218 suos,
1023 3127 1085 3202 sed
1107 3153 1193 3203 voce
1217 3139 1363 3199 tanturn

314 3345 379 3430 (57)
401 3346 533 3429 Apuleius
554 3351 584 3410 in
605 3350 726 3412 Floridis
748 3351 779 3412 L.
798 3351 851 3413 lV.
881 3374 896 3408 o
915 3351 992 3411 canit
1013 3347 1194 3430 Empedocles
1218 3349 1361 3422 carmina,

273 3437 354 3498 Plato
377 3435 523 3517 dialogos,
542 3440 670 3502 Socrates
689 3441 828 3524 hymnos,
847 3439 1031 3522 Epicharmus
1054 3438 1171 3508 modos,
1196 3437 1362 3518 Xenophon

273 3526 421 3602 historias,
438 3529 619 3589 Xenocrates
640 3542 788 3612 satyras.»
817 3530 997 3590 casaubonus
1015 3531 1117 3610 corrigi
1138 3527 1238 3606 jubet:
1260 3529 1362 3587 Xeno-

270 3619 388 3697 phanes
413 3617 496 3675 sillos
505 3639 519 3691 ;
539 3617 589 3677 sed
606 3621 671 3678 silli
689 3632 764 3678 recte
784 3621 869 3678 etiam
888 3633 1008 3700 samoe
1027 3617 1084 3677 diei
1104 3628 1232 3699 possunt.
1253 3618 1361 3676 Xeno-

273 3710 364 3764 cratis
385 3718 477 3765 autem
498 3717 527 3766 et
547 3709 746 3788 Xenophanes
765 3709 878 3769 uomina
897 3707 1039 3768 interdum
1059 3707 1175 3768 confusa
1193 3725 1269 3776 esse,
1290 3725 1361 3765 mox

174 3797 175 3802 ’
272 3795 432 3855 notabimus
464 3794 489 3877 ᾗ.
516 3816 560 3856 ιο.

314 3884 378 3965 (58)
401 3885 444 3944 lta
467 3888 614 3947 nominant
636 3887 772 3949 Stobaens
795 3887 865 3948 Ecll.
887 3887 972 3970 Phys.
996 3889 1027 3964 I,
1049 3909 1078 3970 p.
1100 3885 1170 3970 294.
1201 3897 1229 3944 et
1257 3883 1361 3945 Pollux

273 3975 335 4050 Vl,
356 3987 423 4036 sect.
444 3974 500 4053 46,
527 3999 556 4060 p.
580 3979 658 4062 590,
688 4001 805 4060 quorum
820 3980 889 4040 fides
909 3981 968 4061 jure
994 3991 1122 4062 suspecta
1147 3979 1202 4058 jam
1225 3975 1285 4040 visa
1314 3989 1360 4037 cst

275 4067 384 4127 Rittero
403 4065 504 4127 Gesch.
526 4067 555 4128 d.
577 4069 754 4153 Philosophie
773 4068 810 4130 T.
829 4072 859 4143 1,
877 4091 906 4151 p.
922 4067 994 4148 444.
