2870 4824
510 356 689 410 naucum.
1095 332 1141 398 43

79 513 230 587 ridentur
257 539 266 584 :
300 511 394 584 «An
415 521 520 610 putas
543 507 658 584 ullam
679 531 753 582 esse
778 519 873 582 terra
895 507 1059 606 marique
1079 505 1141 580 be-

77 619 228 711 rluam,
257 645 354 719 quae
381 644 455 690 non
479 617 536 692 sui
556 615 695 716 generis
717 613 826 690 belua
851 617 1006 688 manime
1024 611 1141 688 delec-

77 753 93 799 r
114 725 261 799 teturl.
279 781 336 799 ...
354 725 453 820 Quid
467 725 579 824 igitur
592 723 748 816 mirum,
765 723 795 794 si
806 723 875 796 boc
892 722 1018 797 eodem
1038 720 1143 794 modo

77 859 93 906 ο
114 833 247 922 homini
264 845 397 909 natura
413 832 652 930 praescripsit,
667 843 711 905 nt
725 828 818 902 nihil
833 828 1021 928 pulchrius
1031 853 1143 927 quam

76 964 92 1010 r
114 939 294 1012 bominem
319 951 488 1038 putaret,
513 965 593 1012 eam
615 963 689 1011 esse
712 963 871 1012 caussam
888 962 955 1010 cur
969 937 1060 1008 Deos
1078 934 1141 1006 ho·

77 1045 254 1118 uminum
278 1045 411 1118 similes
438 1045 680 1144 putaremus?
705 1045 803 1140 Quid
829 1070 972 1136 censes,
995 1043 1026 1115 si
1053 1041 1143 1114 ratio

77 1177 92 1225 ι
114 1163 198 1226 mset
219 1153 263 1223 in
284 1151 427 1244 bestiis3
443 1178 517 1225 non
532 1179 598 1226 suo
617 1178 779 1252 quasque
793 1153 917 1251 generi
940 1149 1143 1249 plurimum

77 1261 313 1334 »tributuras
339 1261 447 1334 {uiue
464 1259 524 1333 lu
548 1257 594 1334 In
621 1261 677 1334 his
707 1273 831 1334 autem
860 1259 1061 1332 notandum
1090 1267 1144 1328 est

76 1365 254 1439 discrimen
272 1392 281 1438 :
299 1366 424 1440 Cicero
450 1367 552 1462 dicit,
575 1375 609 1442 ci
623 1373 716 1442 ratio
735 1379 825 1440 esset
844 1371 885 1438 ι’νι
903 1367 1025 1438 bestiis
1035 1393 1051 1452 ,·
1068 1361 1145 1436 Xe·

76 1473 247 1570 nopbanes
275 1487 418 1568 autem,
440 1483 476 1548 ci
489 1487 614 1548 manue
633 1487 668 1548 et
683 1482 776 1548 artic
796 1479 947 1566 facultas
966 1483 1054 1544 esset
1069 1471 1142 1542 bes-

78 1589 124 1654 tiis
146 1611 159 1655 .·
181 1583 223 1654 in
250 1608 324 1683 quo
349 1584 512 1659 cernitur
534 1585 727 1684 utrimque
754 1583 878 1656 aetatis
900 1593 938 1655 et
964 1580 1146 1654 doctrinae

76 1689 249 1763 diversitas
274 1717 283 1763 :
308 1699 460 1766 rationis
488 1692 586 1786 enim
615 1692 715 1780 vim,
746 1715 818 1790 qua
847 1689 1010 1762 homines
1043 1709 1146 1785 prae·

77 1794 200 1868 cellunt
227 1797 377 1892 bestiis,
408 1798 652 1897 Xenophanes
677 1799 831 1894 ejusque
858 1807 954 1868 aetas
981 1793 1146 1866 nondum
1258 1821 1259 1826 ¹

77 1900 155 1976 clare
175 1902 365 1977 habebant
388 1915 632 2005 perspectam
657 1916 702 1976 ut
724 1903 816 1974 infra
839 1902 879 1973 in
903 1899 1146 2000 disputatione

77 2023 182 2085 nostra
201 2011 478 2112 explicabimus.

574 2181 663 2278 vu.¹

116 2371 352 2464 versutos,
371 2369 506 2471 quibus
528 2371 677 2445 Homeri
700 2383 738 2446 et
758 2371 902 2447 Hesiodi
927 2371 1065 2446 fabulas
1080 2374 1146 2445 im-

78 2477 207 2573 pietatis
230 2489 397 2571 accusat,
415 2479 569 2554 servavit
584 2479 713 2552 Sextus
725 2481 862 2578 Empir.
880 2479 959 2556 adv.
979 2479 1146 2552 Mathem.

77 2583 139 2678 IX,
158 2583 260 2684 193:
326 2607 327 2610 ’

163 2739 276 2804 Πάντα
293 2739 373 2812 θεοῖς
390 2739 542 2816 ἀνέθηκαν
552 2736 688 2832 Ὅμηρός
710 2729 736 2805 d
756 2733 884 2815 'Hebdo'c
908 2763 940 2805 τε

163 2841 241 2913 ὅσσοι
261 2834 335 2938 παρ’
360 2847 554 2938 ἀνθρώποισιν
579 2841 687 2912 oclus
710 2851 762 2913 καὶ
782 2849 865 2938 ψόγος
887 2848 956 2932 ε’ςὶ,

167 2951 327 3042 κλέπτειν,
356 2955 506 3046 μοιχεύεινΙ
524 2977 557 3020 τε
580 2956 630 3020 καὶ
655 2953 794 3030 ἀλλήλοος
816 2956 980 3022 ἀποτείνειν.

79 3109 171 3182 Idem
193 3111 274 3184 adv.
292 3111 460 3186 Mathem.
481 3111 517 3204 I,
537 3113 610 3213 289
628 3113 782 3212 τ’Όμηφος
801 3115 834 3185 δὲ
860 3121 911 3184 καὶ
928 3113 1051 3195 Ἡσιοδος
1074 3071 1152 3186 act&

79 3221 116 3284 τὸν
137 3223 312 3319 Κολοφώνιον
330 3221 485 3318 Ξενοφάνη·

170 3381 215 3446 ot
235 3369 330 3460 πλεῑς’
358 3378 541 3476 ἐφθέγξαντο
566 3381 645 3446 θεῶν
673 3382 820 3470 &Septem
840 3375 940 3474 ἔργα,

171 3488 330 3578 κλέπτειν,
350 3491 493 3579 μοιχεύειν
521 3491 622 3557 τεκαὶ
644 3489 783 3567 ἀλλήλους
802 3491 965 3558 ἀποτείνειν.

83 3740 141 3803 Vll.
162 3743 266 3803 Omnia
283 3743 344 3804 Diis
362 3742 552 3804 attribuerunt
571 3745 709 3805 Homerus
729 3757 757 3805 et
777 3744 916 3805 Hesiodus

159 3853 346 3914 quaecumque
365 3834 401 3895 ab
418 3833 580 3896 bominibus
598 3835 732 3918 probrum
751 3848 779 3896 et
799 3835 919 3898 dedecus
936 3835 1077 3900 habentur
1086 3883 1097 3912 ,

159 3926 248 3986 iurari
267 3927 340 3988 inter
360 3947 410 4002 se,
429 3925 601 4001 adulterari,
618 3925 758 3990 fraudare.

164 4047 205 4108 Hi
223 4047 352 4132 pleraque
366 4049 563 4134 praedicarunt
581 4051 703 4114 Deorum
719 4050 826 4114 nefaria
841 4051 983 4133 facinora,
1001 4066 1072 4116 caet.
