2840 4820
110 619 183 692 DE
238 615 611 692 mommo
663 616 1052 691 rmosoem.

566 1069 593 1131 1.

288 1301 290 1304 ’
385 1332 433 1384 nn
463 1332 610 1385 urruns
640 1333 776 1386 nrvrua.
859 1389 861 1404 ,

509 1562 619 1711 ’μ

83 1863 355 1962 Xenophanem
369 1860 545 1936 Eleatioae
562 1861 805 1961 philosophiae
819 1877 1003 1939 auctorem
1016 1868 1121 1940 exsti·

47 1971 112 2044 tisse
126 1972 282 2070 antiqui
297 1981 405 2068 atque
419 1970 486 2068 ipsi
510 1969 623 2065 hujus
634 1982 749 2043 sectae
766 1969 902 2044 aemuli
925 1972 1034 2071 vulgo
1054 1985 1125 2044 tra·

45 2079 124 2152 dunt
138 2091 161 2153 ¹.
176 2082 285 2153 Haec
296 2091 419 2152 autem
430 2077 651 2178 philosophia
663 2104 780 2178 quum
795 2079 931 2178 origine
945 2093 983 2154 et
995 2093 1125 2154 natura

45 2187 294 2287 Pythagoricae
309 2199 400 2260 esset
411 2198 557 2286 cognata
575 2185 751 2286 (utraque
768 2189 866 2260 enim
877 2186 1001 2260 Italica
1012 2187 1124 2285 stirpe

45 2293 242 2391 oriunda),
271 2305 352 2366 tum
373 2293 571 2392 quaerendi
588 2292 706 2366 studio
725 2319 745 2364 a
766 2293 972 2366 lonicorum
987 2294 1125 2366 ratione

44 2399 168 2476 diversa
195 2403 273 2473 fuit
298 2402 404 2499 eique
417 2425 532 2499 paene
545 2403 717 2499 opposita·
743 2400 855 2474 Ionici
877 2403 977 2476 enim
1000 2425 1125 2474 rerum

43 2520 202 2581 naturam
241 2507 363 2580 animo
386 2505 669 2606 contemplantes
699 2506 921 2580 studuerunt
951 2507 1126 2606 originem

42 2615 202 2715 indagare
238 2629 348 2714 atque
376 2619 539 2706 semina,
570 2615 670 2688 unde
693 2615 813 2686 omnia
845 2626 968 2687 exorta
1000 2625 1037 2686 et
1064 2637 1124 2688 va·

43 2723 92 2794 riis
115 2723 260 2798 deinde
284 2723 405 2794 formis
436 2723 630 2821 figurisque
656 2732 773 2794 essent
800 2718 952 2810 ellecta3
977 2717 1126 2792 Eleatici

43 2841 154 2902 autem
182 2829 379 2902 mutabilia
395 2831 459 2902 ista
486 2841 524 2903 et
548 2828 646 2901 fluxa
668 2828 901 2927 despicientes
920 2827 1125 2926 anquisive·

42 2949 119 3008 runt
141 2935 264 3027 illud,
290 2935 387 3036 quod
417 2933 514 3007 nulli
540 2935 733 3007 mutationi
772 2932 968 3007 obnoxium
1005 2957 1125 3005 unum

42 3053 139 3141 atquc
166 3045 273 3117 idem
300 3056 389 3117 esset
410 3068 581 3142 semper,
610 3069 764 3142 eamque
793 3056 960 3128 naturam
991 3053 1126 3142 statue-

41 3147 117 3222 bant
163 3152 287 3249 ipsam
335 3175 458 3224 rerum
502 3159 683 3222 essentiam
723 3159 733 3184 ²
770 3161 953 3222 aeternam
994 3147 1126 3244 suique

41 3281 173 3356 semper
189 3255 375 3349 similem,
396 3281 505 3354 quam
522 3281 597 3327 non
608 3253 776 3326 manibus
789 3265 1030 3346 contrectare,
1052 3276 1125 3323 non

42 3363 142 3435 oculis
176 3387 355 3455 cernere,
383 3363 444 3436 sed
468 3375 590 3436 mente
615 3372 759 3434 tantum
782 3385 990 3458 cognoscere
1014 3357 1121 3456 possi-

42 3493 122 3543 mus.
150 3471 237 3542 Hoc
263 3494 381 3542 unum
408 3469 622 3568 cogitatione
651 3465 808 3567 amplexi
836 3492 959 3540 revera
983 3489 1057 3538 esse
1090 3475 1128 3537 et

73 3701 115 3776 (r)
137 3697 213 3760 vid.
236 3698 314 3758 Plato
332 3698 362 3756 iu
382 3695 528 3779 Sophiste,
549 3699 664 3758 Aristot
684 3695 812 3777 Metaph.
827 3697 858 3772 1,
879 3713 947 3774 quos
965 3694 1060 3753 statim
1078 3711 1128 3752 ex·

43 3785 205 3865 plicahimus
222 3829 233 3860 ,
254 3799 392 3864 ceterique
410 3787 470 3846 fere
488 3807 594 3846 omnes.
698 3797 699 3800 ’

76 3880 118 3958 (2)
141 3877 244 3961 Hujus
264 3878 343 3938 verbi
365 3890 505 3938 auctorem
523 3879 684 3938 Ciceronem
702 3875 818 3937 laudant
837 3875 942 3936 Seneca
963 3871 1053 3954 Epist.
1075 3869 1124 3935 58.

44 3965 169 4028 Sidonius
190 3968 252 4048 Ep.
278 3979 305 4027 et
320 3967 444 4028 Chaleid.
459 3969 489 4027 in
512 3967 656 4028 Timaeum
677 3988 706 4049 p.
732 3965 797 4028 186.
815 3965 869 4048 (ad
882 3963 985 4026 calcem
1010 3983 1074 4046 opp.
1097 3961 1127 4023 S.

45 4055 210 4142 Hippolyti)
233 4053 270 4118 etl
290 4077 317 4136 q.
336 4057 356 4118 l.
376 4059 413 4120 cl.
432 4059 541 4120 Fabrie.
646 4102 650 4111 ‹
