2924 4820
512 387 733 431 emansorem.
1098 372 1165 439 165

104 533 256 607 censuisse
295 531 438 606 dicitur.
481 533 621 606 Lunam
650 531 751 622 non,
787 548 831 608 ut
867 534 1006 612 Thaleti
1045 541 1163 616 visum

106 655 184 731 erat,
208 668 226 712 a
250 640 322 714 sole
348 640 543 734 illustrari,
569 643 630 715 sed
654 670 739 716 cum
764 643 1032 740 Anaximandro
1057 661 1162 747 puta·

105 751 166 839 rit,
185 749 324 845 proprio
348 746 489 821 lumine
515 749 630 822 nitere
648 746 696 839 ⁵³,
718 751 855 848 qnippe
878 751 988 826 lunae
1012 755 1164 828 eandem

104 867 194 952 atque
214 853 278 926 soli
303 854 466 927 tribuens
492 856 676 953 originem.
700 857 889 929 Astrorum
910 871 1032 931 autem
1052 887 1164 960 quem

103 959 192 1058 vulgo
214 958 438 1056 appellarent
461 973 582 1032 ortum
605 973 641 1033 et
663 987 850 1052 occasum,
870 962 931 1036 ille
952 964 1043 1037 nihil
1063 965 1164 1040 aliud

16 1119 18 1136 .
102 1093 161 1140 esse
178 1067 266 1139 dixit
281 1093 390 1164 quam
415 1068 684 1141 exstinctionem
706 1068 795 1143 lucis
818 1083 854 1142 et
878 1074 1162 1167 renovationem,

102 1187 136 1245 nt
147 1199 231 1246 novo
243 1199 384 1270 semper
396 1171 535 1245 lumine
548 1189 753 1272 appareant.
772 1175 917 1250 Disertis
933 1177 1049 1253 verbis
1069 1178 1162 1252 hanc

102 1281 294 1350 sententiam
336 1279 453 1376 prodit
492 1305 564 1350 nou
606 1270 799 1380 indiligens
835 1284 964 1372 testis,
1004 1282 1162 1357 Achilles

102 1385 204 1455 Tatius
217 1382 242 1432 ⁵⁴
261 1411 269 1456 :
285 1387 442 1484 Ecvopcivac
466 1387 497 1456 δὲ
523 1390 601 1481 λέγει
626 1392 685 1466 mie
712 1396 822 1484 ἀςέρας
847 1396 880 1458 εἰι
902 1407 990 1486 νεφῶν
1005 1407 1163 1474 συνεςᾶναι

102 1495 231 1586 ἐμπύρων,
245 1499 295 1560 καὶ
311 1495 491 1577 σβέννυσθαι
508 1499 558 1560 καὶ
575 1499 763 1564 ἀνάπτεσθαι
789 1499 895 1563 ὡσανειΙ
918 1493 1094 1590 ἄνθρακας·
1114 1501 1164 1564 καὶ

103 1595 139 1665 ite
171 1603 221 1690 ρὲν
267 1598 428 1686 ἅπτονται,
463 1608 624 1696 φαντασίαν
660 1613 737 1690 ἡμᾶς
763 1599 842 1692 ἔχειν
867 1605 1027 1690 ἀνατολῆς,
1056 1599 1103 1672 ὅτε
1130 1603 1162 1671 δὲ

103 1705 274 1797 σβέννυται,
299 1707 416 1785 hocne
446 1705 617 1778 Similiter
645 1707 816 1778 Stobaeus
834 1703 858 1742 ⁵⁵
889 1735 896 1778 :
922 1709 990 1778 Ξιν.
1015 1715 1048 1779 ιἰι
1074 1723 1162 1804 νεφῶν

102 1815 143 1903 pia
163 1824 369 1911 πεπυρωμένων
406 1811 503 1909 (εἶναι
526 1820 586 1893 τοὺς
615 1817 766 1912 cla-epac)
793 1819 994 1908 σβεννυμένσνς
1021 1818 1052 1887 δέ
1082 1811 1162 1885 καθ’

103 1927 192 2004 haiom
214 1931 325 2018 ἡμέραν
353 1932 548 2018 ἀναζωπυρεῖν
573 1927 707 2017 νύκτωρ,
731 1927 872 2017 καθάπερ
901 1926 960 1998 τοὺς
986 1922 1159 2017 ἄνθρακας·

103 2033 143 2104 τὰς
153 2033 207 2124 γὰρ
218 2031 356 2106 ἀνατολὰς
384 2034 434 2097 καὶ
456 2029 550 2105 δύσεις
574 2029 687 2118 ἐξάψεις
712 2021 783 2094 εἶναι
805 2031 855 2096 καὶ
877 2027 1002 2111 σβέσεις.
1020 2025 1068 2096 Hi
1084 2049 1162 2099 ver·

104 2127 148 2200 his
172 2133 221 2204 ita
247 2132 495 2219 conveniunt,
533 2143 578 2202 ut
610 2130 806 2204 abeodem
838 2141 984 2202 auctore
1013 2129 1164 2228 profecti

88 2235 296 2332 'rideantur3
319 2239 462 2312 fortasse
488 2236 768 2334 Theophrastum
794 2236 907 2308 secuti
927 2247 1030 2322 sunt,
1051 2260 1164 2333 quem
1228 2305 1230 2308 .

16 2367 17 2370 ¹
102 2366 195 2440 supra
217 2345 324 2416 etiam
341 2343 531 2416 laudatum
551 2343 705 2418 vidimus
718 2341 816 2439 apud
840 2341 1043 2414 Stobaeum.
1060 2341 1163 2415 Com·

100 2451 222 2546 paratio
238 2477 311 2550 qua
333 2463 520 2541 utuntur,
545 2451 735 2521 carbonum
757 2449 867 2518 instar
886 2460 977 2519 astra
1002 2447 1162 2539 accendi,

17 2557 18 2562 ’
100 2555 231 2656 abipso
255 2557 481 2656 Xenophane
500 2557 611 2654 petita
627 2555 740 2630 videri
764 2555 892 2651 possit:
911 2555 1046 2652 poetica
1066 2565 1163 2644 certe

99 2675 148 2736 est
165 2677 199 2738 et
218 2663 318 2737 illins
337 2665 444 2736 aetati
459 2689 626 2761 congrua.
642 2659 814 2734 Similiter
830 2661 977 2762 quidam
1001 2673 1168 2739 veterum

17 2759 19 2798 l
99 2769 207 2844 stellas
233 2771 404 2846 dixerunt
425 2771 555 2866 lapides
580 2775 707 2864 ianitor
735 2763 770 2837 ⁵⁶.

131 2993 197 3134 iss)
219 3051 355 3114 scona...
375 3052 407 3126 1,
431 3071 480 3133 η.
503 3069 532 3131 p.
550 3047 619 3110 sss.

136 3182 197 3262 (54)
217 3181 284 3244 vid.
305 3183 418 3262 Isagoge
439 3181 469 3239 in
490 3183 606 3240 Aratum
626 3197 686 3258 cap.
709 3175 761 3238 Xl.

135 3313 199 3394 (55)
221 3312 300 3372 Stob.
318 3313 333 3372 l
345 3357 353 3386 ‚
374 3311 423 3372 25.
443 3331 471 3392 p.
494 3285 554 3369 ’5η
573 3329 614 3386 sq.
637 3306 703 3367 add.
718 3305 856 3368 Plutarch.
878 3306 950 3388 plac.
971 3304 1040 3388 phil.
1059 3305 1101 3382 ll,
1123 3305 1172 3364 13.

100 3407 192 3468 Galen.
213 3405 297 3466 Xlll.
317 3401 556 3465 Theodonserm.
575 3401 634 3474 IV,
658 3421 687 3482 p.
702 3398 753 3482 59.

136 3537 195 3618 (56)
217 3537 320 3597 Notum
341 3547 402 3609 est,
426 3537 606 3613 Anaxagorae
637 3532 748 3591 crimini
771 3530 868 3590 datum
893 3549 952 3590 csse
975 3525 1051 3608 quod
1080 3527 1170 3585 solem

100 3625 214 3686 dixisset
238 3625 341 3708 ,κέδροι
370 3626 429 3684 sive
459 3623 537 3684 λέθιι
569 3621 707 3703 διέσυρεν.
729 3619 890 3700 Xenophon
921 3619 1039 3678 Memor.
1059 3615 1117 3690 lv,
1142 3635 1171 3695 7.

20 3735 22 3798 ζ
99 3717 270 3777 Valckenaer
293 3719 383 3776 Diatr.
408 3715 507 3796 Eurip.
527 3735 587 3796 cap.
608 3713 659 3786 lV,
684 3735 713 3793 p.
740 3713 778 3770 30
799 3731 839 3787 sq.
858 3707 1028 3768 Schaubach.
1046 3709 1171 3783 Anaxag.

21 3845 23 3888 p
101 3809 194 3888 fragm.
215 3831 244 3890 p.
270 3811 327 3890 139
345 3827 404 3886 sqq.
425 3808 558 3867 Similiter
583 3803 617 3864 dc
636 3806 710 3862 luna
733 3814 761 3860 ct
785 3802 930 3860 sideribus
949 3797 1040 3872 dixit3
1062 3794 1173 3856 eadem·

21 3899 22 3904 '
102 3919 149 3976 qne
176 3901 272 3981 opinio
294 3899 413 3978 Diogeni
439 3896 650 3979 Apolloniatae,
680 3891 859 3964 Democrito,
886 3887 1021 3948 Archelao
1039 3886 1173 3968 placuisse

101 3988 196 4142 lehrtur.
229 3986 298 4048 vid.
330 3987 464 4049 Stobaeus
498 3987 573 4048 Part.
598 3983 611 4042 l
624 4028 633 4058 ,
660 3981 695 4041 T.
720 3981 772 4058 ll,
798 4001 827 4060 p.
850 3975 919 4039 508.
940 3975 1080 4037 Plutarch.
1101 3975 1174 4057 plac.
1284 3983 1287 3992 ’

101 4081 165 4162 pil.
186 4081 235 4158 11,
260 4083 305 4142 13.
740 4095 744 4103 ’
1250 4077 1256 4094 “
