2924 4820
507 351 717 397 rnrnosornra.
1085 331 1148 400 169

91 505 171 575 ciam
192 502 384 577 invadente
405 504 494 575 facta
511 516 585 592 est,
610 503 664 574 his
689 499 805 577 verbis
828 515 1023 577 memorat:
1040 517 1054 576 ὸ
1071 505 1147 590 ἥλιος

91 613 202 681 sileain
229 620 280 693 τὴν
305 619 338 681 ἐκ
360 623 404 681 τώ
425 615 538 706 ούρανοῦ
562 609 647 706 ἕδρην
676 619 784 707 ἀφανὴς
809 606 855 690 ἦν.
883 610 988 703 Quod
1014 611 1072 686 hic
1095 613 1148 685 di-

90 718 130 787 cit
151 721 276 788 ἐκλιπεῖν
299 729 349 802 τὴν
374 725 406 788 ἐκ
431 733 476 788 τσῦ
498 721 610 814 ούρανοῦ
635 717 747 812 ἕδρην,
776 718 931 789 concinit
958 718 1148 818 Xenopha-

89 823 135 892 nis
160 823 276 915 diem,
305 832 450 894 ἐκπίπτειν
480 831 526 892 τὸν
552 837 597 892 τοῦ
622 827 696 902 bleba
719 824 813 893 δίσκον
842 829 892 892 καὶ
920 823 1004 904 οὕτως
1029 831 1151 924 ὡσπερεὶ

88 933 268 1020 medeveo
295 927 329 999 ⁶⁵.
359 931 454 1002 Haec
478 941 599 1000 autem
624 953 698 999 non
728 926 894 1000 subtilius
919 932 1061 1004 videtur
1085 935 1149 1005 in·
1261 1003 1265 1012 ,

88 1039 283 1134 quisivisse,
311 1039 372 1111 sed
401 1039 552 1109 rationes
579 1036 737 1108 attulisse
767 1038 926 1110 sensibus
955 1065 1148 1113 accommo-

15 1149 16 1152 ’
87 1142 173 1214 datas
194 1169 264 1216 nec
287 1171 307 1214 a
334 1145 516 1216 communi
541 1141 777 1240 intelligentia
799 1143 1038 1218 abhorrentes.
1068 1147 1147 1219 Alia

14 1237 15 1256 ³
87 1273 222 1346 quoque
251 1251 422 1322 teruntur
449 1250 677 1350 physicorum
710 1261 874 1322 veterum
904 1250 1031 1348 placita
1063 1279 1148 1326 cum

14 1375 15 1394 ¹
86 1355 143 1426 hoc
158 1356 394 1452 comparanda
413 1383 420 1428 :
439 1355 576 1447 veluti,
596 1381 679 1428 cum
697 1353 832 1452 lapides
851 1358 1034 1430 interdum
1050 1358 1148 1432 coelo

14 1495 15 1506 ¹
87 1461 209 1560 delapsi
236 1465 440 1555 ferrentur,
462 1464 610 1562 quidam
629 1461 746 1535 stellas
767 1489 839 1536 esse
863 1477 1040 1561 putarunt
1055 1467 1149 1565 lapi·
1227 1497 1229 1502 ·

88 1569 158 1642 deas
176 1583 243 1644 aut
267 1572 397 1644 ferreas
424 1569 470 1664 ⁶⁶3
494 1571 593 1643 unde
619 1571 727 1643 etiam
751 1570 975 1671 Anaxagoras
998 1573 1149 1646 arbitra-

87 1675 207 1768 batur,
240 1677 423 1775 ingentem
456 1675 647 1774 aliquando
683 1676 841 1749 siderum
872 1681 1015 1752 ruinam
1048 1681 1148 1772 fore,

88 1807 158 1854 cunr
182 1782 281 1881 globi
313 1783 409 1856 coelo
429 1783 530 1855 infixi
553 1781 670 1854 subito
692 1783 847 1880 quodam
868 1799 970 1858 motu
991 1789 1149 1859 concussi

88 1899 116 1959 et
127 1887 326 1962 labefactati
347 1890 512 1962 deorsum
533 1889 714 1960 lerrentur
729 1888 764 1958 ¹⁵⁷.
777 1889 874 1981 Quid
893 1893 1027 1964 mirum
1049 1919 1148 1991 ergo,

87 1995 109 2064 si
128 1995 363 2093 Xenophanes
384 1995 491 2066 simili
513 1993 617 2065 modo
634 1993 714 2065 solis
731 1994 967 2067 delectionem
988 1999 1065 2069 fieri
1084 2023 1151 2094 pu·

87 2103 199 2174 event
229 2115 294 2174 aut
318 2101 491 2174 finxerit?
513 2101 653 2173 Dicitur
677 2125 823 2199 quoque
840 2125 1050 2176 memorasse
1069 2103 1149 2176 solis

88 2209 257 2304 quandam
276 2209 530 2298 defectionem,
548 2234 642 2306 quae
658 2233 818 2280 mensem
831 2209 1040 2302 duravisset,
1060 2213 1149 2284 item

14 2367 15 2370 ,
88 2313 223 2388 alteram
249 2341 322 2415 qua
350 2315 414 2389 lux
437 2316 597 2388 interdiu
622 2317 672 2386 ita
698 2341 841 2412 prorsus
871 2317 1146 2412 obscuraretur,

14 2507 16 2616 l

14 2927 16 3052 l

87 2419 174 2518 quasi
201 2449 274 2494 nox
298 2436 410 2515 esset,
439 2436 483 2496 ut
510 2424 619 2496 refert
644 2421 814 2495 Stobaeus
837 2421 861 2459 ⁶⁸
884 2449 891 2494 :
918 2435 1095 2520 παριςόρηκε
1116 2428 1148 2496 δὲ

87 2535 127 2597 καὶ
151 2527 283 2623 ἔκλειψιν
313 2533 389 2611 hithe
419 2525 463 2627 ἐφ’
486 2530 551 2602 ὅλον
584 2546 682 2622 μῆνα,
708 2534 758 2597 καὶ
776 2527 899 2623 πάλιν(
916 2529 1072 2629 ἔκλειψιν)
1099 2540 1146 2603 ἐν·

14 2669 15 2698 r
86 2637 165 2724 τελῇ,
194 2637 255 2721 aig-e
280 2646 331 2719 τὴν
354 2645 465 2732 ἡμέραν
490 2641 579 2706 νύκτα
605 2653 737 2732 φανῆναι.

123 2874 180 2954 (65)
208 2877 400 2954 Κενιμβνιτιῖν.
423 2873 604 2955 Hesychius:
627 2877 808 2953 κινεμβντιῖ·
825 2871 952 2954 ματαίας
970 2879 1063 2938 πατεῖ.
1085 2877 1149 2939 Sul-

87 2960 150 3024 das:
171 2969 363 3044 κενεμβιννῖν·
393 2971 428 3026 sis
449 2961 513 3026 essai
533 2962 630 3037 βαίνειν
645 3011 653 3040 ,
680 2965 744 3027 eard
767 2969 920 3046 ἑπιχυριῖν.
943 2967 988 3026 Cf.
1009 2967 1147 3044 Phocus,

14 3061 15 3064 ’
87 3049 197 3133 Etymot.
218 3059 260 3117 M.
283 3071 311 3118 et
330 3057 451 3138 Etymol.
471 3053 593 3115 Gudian.
614 3056 743 3115 Occurrit
764 3056 837 3137 apud
858 3055 1019 3137 Olympiod.
1041 3058 1070 3142 in
1083 3057 1149 3116 Me-

87 3153 147 3204 teor.
162 3147 221 3224 lV,
241 3149 263 3207 l.
286 3147 345 3223 68,
367 3153 391 3209 Α
412 3170 420 3206 :
445 3151 487 3208 be
506 3144 546 3224 pol
564 3149 745 3232 κενεμβιτῇὅ
766 3149 856 3221 λέγοι.
878 3147 961 3228 Apud
971 3160 1076 3208 veteres
1088 3148 1150 3226 qni-

87 3231 141 3294 dem
161 3259 218 3299 non
238 3241 342 3321 reperi;
363 3252 455 3300 tamen
478 3241 610 3298 usitatum
623 3241 763 3318 quondam
783 3243 886 3318 luisse,
908 3241 1149 3318 grammaticorum

88 3344 147 3402 quae
158 3329 238 3388 attuli
249 3330 407 3390 testimonie
423 3329 551 3390 dubitare
573 3350 631 3388 non
649 3331 754 3389 sinunt.

122 3447 242 3602 lgsshlm
261 3453 402 3532 Diogenes
419 3451 609 3534 Apolloniates
625 3450 700 3534 apud
719 3451 798 3514 Stob.
810 3451 923 3532 Eclogg.
943 3452 1027 3533 Phys.
1044 3452 1071 3526 1,
1100 3451 1150 3514 25.

87 3557 111 3617 p·
153 3563 169 3600 o
193 3585 199 3600 .

122 3651 182 3736 (67)
201 3653 341 3714 Plutarch.
354 3653 491 3736 Lysandr.
507 3675 567 3736 cap.
587 3655 764 3736 12.Diogen.
777 3655 868 3715 La'e'rt.
879 3654 923 3730 11,
939 3674 984 3714 12.
996 3653 1031 3713 cl.
1042 3652 1150 3712 Schau-

87 3737 159 3802 bach.
178 3746 334 3825 Anaxagor.
353 3767 381 3828 p.
408 3745 474 3828 159.

122 3861 181 3945 (68)
198 3867 276 3930 Stob.
299 3871 332 3945 l,
356 3869 403 3930 26.
431 3891 460 3951 p.
485 3869 554 3930 522.
578 3865 741 3928 Plutarchus
768 3867 838 3948 plac.
861 3865 930 3948 phil.
950 3867 997 3942 ll,
1017 3865 1066 3944 24.
1093 3867 1150 3928 Ga-

89 3950 159 4016 lenus
177 3979 235 4040 cap.
257 3958 337 4020 XIV.
358 3961 464 4020 Vocem
479 3957 624 4038 ἵιλειψν,
637 3979 707 4038 quse
719 3957 793 4042 apud
808 3956 956 4020 stobaeum
973 3957 1151 4040 intelligenda

90 4055 145 4122 est,
161 4051 260 4110 rectius
278 4047 357 4112 addit
370 4050 500 4113 Galenus.
590 4123 596 4135 Ι
717 4100 721 4109 .
