2840 4820
484 433 491 438 ἱ
514 301 693 422 simonius.
1102 343 1147 412 75

77 523 208 596 Veteres
230 529 355 593 autem
383 515 523 590 fabulas
549 543 637 591 cum
665 528 852 592 contemtu
883 516 954 592 dici
981 523 1145 613 πλάσματα

76 645 120 699 mv
142 611 299 726 τὶροτέρων,
322 624 558 724 Xenophenis
583 626 728 724 ingenio
742 649 946 724 congruum
961 637 1030 722 cst3
1043 626 1146 698 simi-

74 735 145 810 liter
166 735 345 808 Pindarus
366 731 424 805 01.
443 733 482 826 I,
498 733 556 805 28.
573 733 629 806 ed.
644 731 795 806 Boechh.
817 731 947 806 etalii.

110 891 156 942 vs·
183 865 241 958 24.
270 871 349 935 θεῶν
365 865 396 935 δὲ
412 869 604 962 προμηθειὴν.
621 869 792 963 Προμηθειὴ
810 861 986 962 (προμηθιὴ
1005 865 1145 966 Dind.)

72 973 311 1046 observantium
331 981 368 1044 et
381 978 616 1044 reuerentiam
632 972 816 1070 significat.
831 971 999 1044 Herodot.
1014 972 1048 1064 Ι,
1065 973 1113 1044 88
1133 999 1142 1046 2

71 1085 149 1180 Κῦρος
163 1087 286 1178 Κροῖσον
297 1090 393 1178 κάρτα
405 1088 436 1152 ἐν
462 1079 557 1176 πολλῇ
574 1085 723 1178 προμηθέῃ
744 1075 816 1172 εἶχε.
836 1079 880 1150 Ιι]
899 1077 966 1152 hac
986 1079 1146 1152 admoni-

71 1191 154 1263 tione
166 1189 261 1263 inest
276 1185 483 1260 fabularum
496 1188 745 1286 reprehensio,
761 1213 856 1286 quae
870 1187 986 1260 multa
1006 1188 1052 1261 de
1071 1187 1147 1261 Diis

71 1293 203 1396 indigna
238 1293 503 1394 praedicabant.
531 1293 705 1367 Similiter
733 1293 910 1366 Pindarus
936 1292 993 1366 Ol.
1017 1294 1054 1387 I,
1079 1293 1145 1367 35:

69 1399 144 1487 ἔςιὲ
161 1405 245 1500 ἀνδρὶ
268 1415 361 1502 φάμεν
375 1409 460 1483 ἐοικὸς
479 1407 550 1501 ἀμφὶ
565 1405 707 1495 δαιμόνων
729 1404 820 1472 καλά.
852 1401 896 1474 cf.
914 1399 972 1473 Ol.
993 1399 1068 1490 Ill,
1085 1401 1143 1493 40.

70 1511 177 1584 Cicero
195 1513 276 1584 Nat.
302 1509 345 1581 D.
371 1509 450 1602 111,
486 1510 543 1582 25.
565 1537 586 1583 u
611 1510 705 1582 Cum
720 1509 765 1582 de
789 1509 864 1582 Diis
882 1507 1146 1583 immortalibus

69 1615 298 1718 disputamus,
324 1617 485 1698 dicamus
505 1617 613 1718 digno
625 1617 701 1690 Diis
722 1615 1032 1691 immortalibus.»
1051 1655 1057 1662 ·

552 1831 657 1900 XXII.

106 2047 315 2122 Athenaeus
338 2048 405 2152 IX,
428 2075 464 2148 p.
479 2046 569 2144 368,
592 2049 623 2122 Ε
643 2075 651 2121 :
670 2049 831 2148 Ξενοφάνης
848 2037 903 2120 δ’δ’
922 2051 1095 2150 Κολοφώνιος
1115 2053 1144 2118 ἐν

68 2173 111 2235 τίς
135 2161 272 2254 sicyone
292 2165 373 2258 φησὶ·

151 2325 281 2415 Πέμψας
303 2327 362 2418 γὰρ
379 2323 474 2402 κωλῆν
499 2319 617 2418 ἐρίφων,
643 2318 745 2399 σκέλος
769 2318 845 2416 ἤραο
869 2338 932 2390 πῖον

204 2433 307 2525 ταὺρω
329 2429 446 2525 λαρινώ
469 2423 562 2520 τίμιον
587 2427 670 2524 ἀνδρὶ
691 2429 824 2518 λαχεῖν,

151 2545 199 2604 τώ
219 2534 304 2613 κλέος
320 2531 453 2604 Ἑλλάδα
475 2549 574 2605 πᾶσαν
598 2533 732 2631 ἀφίξεται
756 2525 813 2604 οὐδ’
835 2534 975 2620 ἀπολήξει

202 2635 234 2720 ἔς
257 2633 282 2710 τ’
306 2637 345 2710 νῖν
371 2641 491 2714 ἀοιδάων
515 2635 534 2736 ᾖ
559 2639 639 2736 γένος
661 2637 845 2711 Ἑλλαδικόν.

65 2777 265 2852 Athenaeus
294 2777 359 2852 hos
388 2803 510 2854 versus
539 2781 625 2852 citat
658 2778 703 2852 ad
731 2777 982 2876 explicandam
1014 2805 1142 2854 vocem

66 2889 179 2978 colse,
210 2885 322 2958 latine
348 2910 497 2980 pernam
528 2883 587 2960 vel
612 2911 766 2973 cocum,
794 2885 972 2984 docetque
1001 2900 1141 2964 veteres

66 2993 241 3092 duplicem
258 2993 372 3088 hujus
394 2995 549 3066 nominis
566 2993 722 3066 formam
745 3019 955 3092 usurpasse,
973 2999 1091 3081 κωλῆνα
1107 3013 1144 3074 et

66 3105 162 3186 κωλῆν.
179 3099 270 3195 ¹Quis
286 3114 408 3174 nutem
425 3127 548 3173 sensus
568 3101 614 3172 sit
636 3099 769 3172 horum
793 3125 966 3176 versuum
987 3128 1061 3174 non
1076 3130 1143 3178 ex-

66 3203 180 3304 plicat,
199 3207 262 3282 sed
282 3233 326 3280 ex
350 3208 432 3307 ipsis
460 3207 577 3281 verbis
598 3205 842 3304 colligendum
869 3218 932 3282 est
958 3205 1061 3302 Quae
1084 3211 1143 3284 hic

67 3329 279 3388 memoratur
303 3317 383 3400 κωλῆ
396 3315 504 3414 ἐρίφων,
524 3340 610 3388 coca
629 3315 791 3406 haedina,
805 3337 880 3385 non
895 3315 991 3387 inter
1007 3315 1143 3390 delica-

66 3420 163 3495 tiores
187 3447 272 3495 sane
292 3422 401 3521 dapes
422 3421 603 3514 habenda,
631 3433 675 3494 ut
704 3447 777 3493 non
796 3423 932 3494 mirum
949 3421 997 3494 sit
1014 3423 1144 3496 Aristo·

423 3603 763 3626 *n--n-—t—-a-

68 3691 156 3758 Xllll.
178 3699 266 3761 Missa
286 3705 358 3762 enim
379 3699 463 3762 hoedi
483 3723 589 3784 perna,
610 3705 740 3785 recepisti
757 3725 820 3766 crus
842 3705 946 3786 pingue

181 3790 261 3850 boris
279 3794 417 3872 saginati,
435 3791 623 3853 honorificum
643 3795 705 3852 viro
724 3814 848 3854 munus:

183 3879 260 3960 cnjus
293 3883 361 3942 lacti
380 3881 440 3942 laus
460 3885 619 3944 universam
639 3881 776 3964 pervadet
804 3884 951 3945 Graeciam
972 3905 1061 3964 neque
1080 3907 1140 3946 ces·

182 4059 314 4138 quamdiu
332 4061 433 4123 Graeci
453 4064 562 4144 generis
582 4067 681 4146 poetae
698 4074 874 4144 supererunt.
1069 3977 1143 4036 ⁸³1)st
