2966 4824
541 409 778 458 snuosoems.
1136 391 1196 454 193

119 570 299 646 immobile
316 571 556 646 consistere?”
567 584 580 620 ¹
590 583 628 620 ²¹
651 575 787 648 Deinde
798 572 938 674 probat,
952 572 1022 649 vita
1035 585 1070 646 et
1082 575 1199 646 anima

120 707 158 767 et
179 708 302 767 mente
318 719 438 768 curere
456 691 545 767 illud
566 720 638 767 non
661 721 780 794 posse,
807 720 944 795 neque,
968 695 996 766 si
1018 694 1072 768 his
1092 683 1200 795 prac-

120 812 237 887 ditum
252 815 312 904 sit,
323 813 501 888 immobile
513 841 587 890 esse
598 843 712 916 posse,
724 817 783 890 sed
802 818 946 891 moveri.
997 816 1092 890 Haec
1107 815 1199 890 dicta

120 947 243 1034 aperte
263 933 511 1009 Parmenidem
531 951 706 1036 spectant,
723 937 825 1038 quod
842 964 905 1012 ens
924 937 1070 1027 ἀκίνητον
1086 939 1199 1012 tinxit.

121 1055 1199 1158 SiParmenidescnsfflxissetmentemautmentepraeditum,

121 1175 221 1250 Plato
234 1201 307 1250 non
322 1175 603 1274 reprehendisset
613 1205 709 1270 eum,
719 1180 817 1280 quod
828 1179 918 1254 illud
930 1183 1059 1254 mentis
1073 1205 1201 1278 expers

120 1311 279 1371 constare
307 1295 420 1390 dicat3
449 1300 566 1396 potius
599 1298 665 1373 hoc
696 1300 943 1400 redarguisset,
975 1301 1072 1402 quod
1105 1301 1201 1374 idem

120 1419 271 1518 cogitare
283 1433 428 1510 statuat,
440 1421 573 1494 moveri
588 1437 712 1521 neget,
730 1421 901 1521 quaesibi
914 1437 1000 1496 sunt
1015 1425 1202 1502 contraria.

168 1539 335 1638 Propiora
352 1566 436 1616 vero
453 1557 539 1616 sunt
551 1543 770 1616 Parmenidis
787 1545 983 1617 sententiae
994 1543 1093 1638 haec,
1106 1569 1201 1646 quae

120 1659 220 1734 Plato
241 1660 322 1734 alibi
351 1664 469 1761 ipsum
490 1691 575 1740 cum
596 1665 734 1738 Socrate
761 1665 843 1738 facit
866 1664 1086 1766 loquentem.
1135 1666 1203 1738 In·

121 1785 314 1882 terroganti
326 1787 473 1876 Socrati,
487 1811 579 1860 num
593 1813 651 1878 ea,
670 1811 764 1885 quae
782 1784 954 1862 dicuntur
974 1813 1098 1861 rerum
1116 1785 1202 1884 etta,

121 1905 190 1978 sint
208 1904 335 2012 'solum
362 1908 491 2008 mentis
521 1907 679 1981 notiones
707 1931 774 1980 neo
794 1933 949 2007 usquam
971 1906 1052 1980 alibi
1074 1911 1141 1982 nisi
1161 1912 1202 1982 in

121 2027 248 2102 animis
275 2030 403 2102 nostris
433 2031 599 2128 reposita,
626 2027 684 2102 ille
710 2027 797 2100 haec
820 2027 1027 2126 respondet:
1068 2028 1202 2122 »Quid

123 2145 237 2224 vem?
273 2151 410 2251 inquit,
443 2153 473 2224 si
507 2147 574 2240 ἐίδν
600 2149 658 2224 illa
682 2151 754 2222 sint
774 2151 905 2223 mentis
927 2165 963 2223 et
988 2151 1202 2249 cogitationis

122 2269 268 2370 species,
291 2297 415 2348 nonne
437 2275 602 2373 cogitatio
624 2272 729 2346 debet
750 2297 824 2348 esse
845 2271 995 2372 alicujus
1019 2269 1202 2372 cogitatio?

120 2395 147 2466 si
191 2407 314 2468 autem
355 2393 519 2494 alicujus,
571 2419 692 2468 nonne
727 2396 819 2468 entis
854 2395 1013 2494 cogitatio
1048 2407 1119 2492 est,
1166 2407 1202 2464 et

120 2513 268 2615 quidem
299 2515 637 2614 uniuscujusdam,
670 2513 768 2614 quod
792 2541 857 2613 per
884 2516 1002 2588 omnia
1028 2512 1201 2586 diffusum

120 2661 223 2710 mens
256 2638 332 2711 unt
363 2641 479 2738 specie
514 2661 721 2735 expressum
753 2634 1052 2736 comprehendit?
1108 2636 1202 2733 Ergo

120 2764 285 2854 reciperas
316 2759 381 2832 hoc
408 2785 545 2833 uuum
576 2784 670 2832 esse
692 2785 832 2857 semper
854 2757 1020 2836 omnibus
1037 2760 1074 2830 in
1094 2755 1202 2831 rebus
1322 2757 1327 2768 '

119 2881 215 2954 idem
237 2880 339 2955 erit.''
359 2891 424 2928 ¹²²
467 2879 561 2954 Haec
581 2894 618 2954 et
635 2907 729 2981 quae
751 2896 957 2982 sequumur
980 2905 1202 2981 quamquam

119 3001 219 3076 Plato
236 3027 300 3076 sua
317 3003 451 3074 ratione
468 3000 656 3098 explicuit,
678 3015 798 3084 tamen
815 3003 1011 3074 concinunt
1028 2999 1104 3072 fere
1117 3025 1202 3071 cum

120 3121 341 3196 Parmenidis
365 3123 491 3222 placito
504 3175 532 3216 ,ἱ
545 3148 609 3194 ens
624 3149 689 3222 per
705 3123 822 3194 omnia
840 3135 961 3220 pater-c
978 3135 1087 3219 atque
1104 3120 1202 3192 omni

119 3245 207 3318 adeo
233 3244 430 3344 cogitationi
451 3241 610 3332 subesse,
634 3257 676 3318 ut
700 3245 776 3316 sine
798 3239 864 3328 hoc
893 3265 939 3313 ne
964 3239 1032 3312 dici
1054 3237 1202 3338 quidem

119 3367 307 3466 cogitarive
330 3365 528 3466 quidquam
550 3365 695 3438 omnino
716 3365 834 3462 possit.
1014 3355 1017 3364 ¹

151 3531 224 3602 (tat)
256 3533 333 3602 Soph·
350 3551 374 3604 p.
392 3535 439 3597 268
457 3537 492 3587 E:
509 3532 533 3588 Ξ
539 3539 551 3588 d
557 3555 619 3594 νος.
639 3537 742 3598 Τι’,δαὶ
753 3535 821 3603 πρὸς
834 3532 914 3593 Aso'‹.·;
931 3531 1085 3600 ὑςάληθῶς
1098 3531 1202 3594 κίνησον

122 3629 169 3678 soi
187 3619 261 3695 ζωὴν
278 3629 325 3677 sot
342 3631 436 3696 ψυχὴν
452 3619 1048 3698 ναὶφρόνηοννῆραδίονςννονσθησόμοθατῷ
1060 3621 1203 3680 παντελῶς

121 3718 179 3771 im
202 3725 240 3790 μὴ
264 3729 412 3789 παρεῖναι,
436 3721 507 3790 μηδὲ
533 3725 584 3790 ζῇν
607 3721 677 3774 αὐτὸ
702 3721 774 3790 μηδὲ
798 3729 909 3791 φρονεῖν
917 3755 926 3782 ,
949 3717 1021 3769 otte
1041 3717 1140 3779 σεμνὸν
1155 3717 1203 3764 soi

121 3815 217 3880 ὕμνον
233 3816 301 3865 νοῦν
319 3813 369 3865 οὐκ
388 3813 454 3882 izos
471 3815 601 3884 ἀκίνητον
620 3815 702 3872 ἑστὼς
721 3809 815 3874 rison
832 3841 865 3854 -
884 3838 917 3852 -
935 3806 1025 3860 Ἀλλὰ
1045 3809 1119 3875 δῆτα
1136 3809 1203 3858 νοῦν

122 3905 172 3970 μὲν
191 3907 239 3957 soi
253 3911 329 3975 ζωὴν
344 3907 391 3958 ναὶ
407 3911 501 3974 ψυχὴν
510 3907 620 3976 (ἔχειν),
633 3909 763 3977 ἀκίνητον
774 3910 870 3972 pieros
879 3907 911 3956 τὸ
926 3904 1067 3972 παράπαν,
1077 3899 1202 3968 ἔμψυχον

122 3999 162 4067 5η
180 4001 305 4060 Μόθων·
325 3999 534 4068 θειότητος·
553 4001 655 4054 Πάντα
673 4002 767 4070 {porra
786 3993 967 4068 diororcic’
979 3989 1200 4057 εἶναιφαίνεται.

155 4091 227 4156 (raa)
259 4091 379 4144 Parmen.
397 4107 421 4160 p.
443 4092 487 4144 ada
505 4093 531 4142 B.
868 4094 871 4102 ‘

169 4181 214 4252 ll.
591 4241 594 4248 ,
1014 4181 1054 4253 13
