2942 4830
258 337 322 401 274
512 355 560 402 ns
583 329 800 404 riausrnrs
822 351 1064 402 rmnosorrara.

258 519 410 614 dentur,
425 523 517 622 quin
533 523 571 594 in
589 519 724 594 lucem
739 521 886 594 'emitti
902 519 1113 594 adscensum
1126 519 1163 590 in
1175 517 1327 612 coelum,

257 657 380 716 contra
403 645 447 716 in
471 641 674 720 tenebras
693 630 842 716 delabi
859 641 1070 716 descensum
1087 654 1123 714 et
1139 641 1280 740 lapsum
1294 643 1327 714 in

258 777 398 838 terrena
410 763 483 838 loca
494 764 674 864 significet.
691 763 854 837 Voluisse
863 787 946 862 ergo
956 761 1112 865 ridetur,
1123 766 1259 836 animas
1268 762 1330 837 cel·
1452 843 1453 880 ἦ

202 893 205 908 ’
258 885 348 959 aiore
364 888 497 988 origine
516 901 610 960 ortas
626 887 813 966 Daemonia
830 885 925 958 illius
944 886 1136 961 ministerio
1150 883 1256 994 modo
1269 911 1330 984 per

131 1009 137 1028 ⁸
256 1009 368 1082 noctis
385 1024 523 1110 portam
539 1009 585 1084 de
603 1007 701 1083 coelo
723 1009 760 1080 in
779 1022 911 1081 terram
926 1007 1036 1100 mitti,
1050 1007 1154 1085 modo
1170 1033 1329 1082 rursosa
1453 1117 1454 1130 ἵ

256 1141 350 1202 terra
364 1131 402 1202 in
421 1130 561 1206 coelum
580 1129 695 1206 evehi.
716 1127 897 1202 Habemus
907 1129 965 1202 hic
977 1128 1121 1228 vestigia
1133 1127 1258 1202 nobilis
1268 1127 1332 1200 illi·

256 1275 301 1324 us
314 1251 431 1350 placiti
446 1251 491 1327 de
507 1253 753 1353 παλιγγενεσίᾳ
767 1265 803 1323 et
819 1249 916 1324 fatali
931 1250 989 1324 illa
1007 1252 1207 1324 animarum
1221 1265 1331 1342 sorte,
1439 1355 1447 1364 ι

256 1397 329 1472 qua
346 1399 410 1474 per
425 1375 538 1450 multa
555 1375 672 1450 secula
688 1399 812 1447 sursus
822 1371 1147 1472 deorsumjactatae
1159 1373 1197 1444 in
1209 1371 1332 1446 orbem

254 1517 450 1568 commeare
481 1511 665 1596 cogantur.
716 1493 822 1589 Quod
844 1493 1015 1594 placitum
1038 1519 1085 1566 ex
1107 1493 1267 1593 Aegypto
1293 1495 1330 1565 in

255 1615 437 1692 Graeciam
457 1617 686 1709 translatum,
703 1615 833 1692 deinde
855 1631 933 1690 tam
953 1643 973 1689 a
994 1615 1106 1714 politis
1124 1640 1237 1714 quam
1253 1613 1332 1712 phi·
1454 1690 1455 1728 3

254 1739 424 1840 losophis,
454 1738 681 1841 Pythagoreis
715 1739 945 1838 praesertim,
969 1736 1188 1812 celebratum
1216 1751 1269 1812 est
1297 1752 1331 1810 et
1454 1741 1455 1834 J

254 1861 418 1935 latissime
442 1887 506 1960 per
529 1885 673 1935 omnem
692 1861 941 1960 antiquitatem
963 1871 1062 1960 patet
1077 1867 1117 1911 ¹⁵
1124 1871 1157 1934 ⁴.
1209 1861 1254 1934 In
1279 1859 1330 1936 his
1454 1947 1455 1950 Ἴ

255 1996 375 2058 autem
399 2009 494 2084 quae
517 1981 563 2056 de
586 1983 713 2056 animis
735 1980 929 2082 praedicat,
942 1981 1142 2056 tenendum
1155 1993 1229 2078 est‘,
1243 1984 1330 2059 Par·

257 2103 454 2196 menidem,
476 2106 525 2180 sic
549 2117 593 2178 ut
618 2105 655 2178 in
678 2100 844 2177 omnibus
865 2127 960 2202 quae
982 2101 1027 2176 de
1052 2129 1176 2179 rerum
1202 2121 1330 2182 natura

254 2225 370 2316 canit,
396 2251 470 2300 non
496 2251 581 2301 vera
611 2225 787 2326 polliceri,
812 2221 873 2296 sed
903 2223 1096 2322 probabilia
1125 2241 1267 2304 tantum
1297 2245 1331 2304 et

254 2347 437 2420 communi
455 2350 576 2422 sensui
594 2361 829 2422 consentanea
852 2347 971 2446 sequi,
992 2361 1035 2420 ut
1053 2349 1128 2446 ipse
1143 2351 1331 2448 profitetur

253 2469 419 2542 extremis
443 2467 605 2544 versibus
627 2468 762 2544 dicens:

375 2608 460 2686 οὕτω
484 2639 536 2688 ror
560 2615 652 2691 aare
679 2611 777 2706 δόξαν
801 2618 868 2710 ἔφυ
893 2612 978 2692 τάδε
1002 2623 1054 2692 νῦν
1078 2643 1117 2691 τε
1140 2618 1215 2694 ἔασι

375 2735 432 2808 »at
453 2735 624 2830 mrlrerr’
648 2735 717 2812 cirri
742 2735 839 2812 τοῦδε
863 2735 1099 2827 τελευτήσωσι
1117 2727 1165 2798 Ι-·

286 2971 359 3042 (ι54)
392 2971 612 3044 Pythagoreorum
629 2977 679 3032 hoe
696 2979 821 3050 placimm
839 2980 944 3050 copim
960 2980 1106 3050 apertum
1118 2989 1159 3037 eat
1176 2984 1326 3054 praesertin

255 3055 418 3129 attensem,
427 3065 540 3134 symbol.
551 3074 578 3122 et
586 3068 696 3138 Mythol.
705 3071 734 3124 Τ.
743 3071 794 3134 ΙΙΙ,
806 3086 831 3140 p.
842 3071 893 3136 4²4
903 3085 962 3142 sqq.
970 3069 1011 3124 ed
1024 3070 1100 3138 atter.
1116 3080 1145 3125 et
1162 3071 1285 3144 Praepar.
1294 3075 1325 3128 ad

254 3151 347 3206 Plotio.
366 3153 399 3207 de
417 3153 520 3209 Polerc.
552 3155 674 3230 Bpoetir
691 3157 829 3212 Pindarum
845 3159 991 3212 nominrsse
1007 3159 1125 3226 sufficiat,
1138 3159 1171 3218 dc
1184 3167 1259 3233 eujus
1269 3181 1324 3218 aen·

253 3244 335 3296 tentia
353 3245 477 3316 quasdam
490 3245 661 3302 arlmedverti
672 3249 698 3302 ts
710 3248 821 3319 specim.
835 3249 938 3302 Pindar.
950 3265 975 3319 p.
990 3249 1036 3304 solt
1045 3265 1087 3322 aq.
