2870 4824
271 263 347 310 ntur

271 415 451 514 magisque
474 412 594 485 limata
624 424 661 486 et
689 409 854 484 subtilius
877 411 1020 484 exculta
1052 423 1130 504 est,
1162 423 1203 486 ut
1233 415 1340 512 quasi

271 571 344 617 una
367 543 565 617 adolescens
594 543 793 616 maturioris
819 542 953 640 ingenii
981 540 1144 614 habitum
1172 542 1337 616 referret.

270 673 470 774 Philosophi
495 674 593 747 enim
622 697 750 747 novam
782 672 900 744 animo
925 671 1153 746 informantes
1185 684 1341 747 naturae

268 783 420 901 speciem
446 815 482 876 et
506 821 613 878 novas
633 799 838 899 effingentes
866 825 987 874 rerum
1016 803 1204 893 notiones,
1225 827 1338 900 qtaae-

267 934 428 1008 siverunt
450 931 556 1004 etiam
577 956 668 1007 nova
691 929 863 1004 vocabula
888 943 925 1003 et
944 927 1136 1024 verborum
1164 932 1339 1032 significa-

268 1063 403 1155 tiones3
431 1062 641 1160 perscrutati
666 1071 752 1133 sunt
779 1059 967 1158 linguam,
991 1073 1035 1133 ut
1060 1061 1200 1133 notitias
1226 1062 1265 1133 in
1292 1087 1341 1135 ea

267 1205 438 1290 tanquam
461 1194 501 1262 in
531 1193 675 1291 vestigio
704 1191 870 1289 repositas
897 1203 1067 1264 eruerent
1094 1204 1128 1263 et
1157 1189 1342 1264 doctrinae

269 1321 351 1395 luce
380 1320 600 1394 illustrarent
626 1349 635 1392 ι
660 1321 708 1394 sic
736 1346 757 1392 e
784 1317 1003 1419 philosophia
1029 1320 1137 1393 etiam
1164 1345 1342 1420 gramma-

267 1455 351 1526 tices
376 1465 414 1526 et
437 1453 630 1526 rhetorices
654 1453 755 1524 initia
778 1451 1022 1526 effloruerunt.
1053 1452 1142 1524 Satis
1171 1477 1253 1552 ergo
1275 1455 1345 1526 in-

266 1587 463 1686 telligitur,
492 1587 596 1659 ambo
625 1587 732 1678 haec,
763 1597 800 1660 et
828 1584 1086 1684 philosophiam
1105 1584 1343 1660 ‘Graecorum

266 1731 303 1792 et
326 1720 438 1817 ipsam
465 1717 643 1816 linguam,
670 1717 860 1790 arctissime
873 1717 989 1791 fuisse
1013 1720 1216 1812 conjuncta,
1242 1731 1277 1790 et
1293 1717 1343 1790 il-

266 1849 336 1922 lius
349 1847 508 1947 reliquiis
527 1845 744 1944 explicandis
768 1846 880 1941 hujus
901 1847 1137 1946 cognitionem
1153 1847 1341 1922 illustrari.

265 1977 376 2051 Multa
400 1978 499 2050 enim
515 1977 554 2047 in
573 1975 628 2048 his
646 1986 786 2048 enatam
803 1977 969 2048 orationis
993 1991 1031 2050 et
1048 1977 1239 2053 verborum
1257 2005 1341 2056 ves-

264 2109 370 2206 tigia,
396 2131 490 2204 quae
516 2104 697 2192 indicant,
723 2104 901 2203 quomodo
925 2103 1144 2179 Graecorum
1169 2106 1293 2206 lingua
1317 2137 1342 2182 a

264 2238 402 2337 poetica
417 2248 605 2312 venustate
621 2235 665 2308 ad
683 2234 926 2334 philosophiae
945 2235 1177 2311 subtilitatem
1195 2239 1347 2313 exculta

264 2369 309 2440 sit
342 2379 380 2440 et
404 2365 448 2439 ad
472 2390 557 2438 eum
582 2365 737 2462 perfecta
771 2366 982 2440 eruditionis
1005 2367 1179 2466 gradum,
1202 2381 1246 2442 ut
1261 2396 1345 2444 ora-

267 2498 371 2570 tionis
394 2495 586 2594 elegantia,
611 2495 787 2584 ubertatc‚
812 2499 994 2591 acumine,
1019 2523 1141 2573 omnes
1164 2497 1247 2572 alias
1269 2498 1346 2573 lin-

219 2655 226 2671 ·
265 2655 351 2730 guas
373 2641 568 2727 superaret.
585 2627 687 2721 Quae
709 2630 861 2729 cognitio
882 2655 956 2702 non
980 2631 1089 2729 magis
1113 2631 1158 2704 ad
1180 2633 1345 2730 antiqui-

263 2759 343 2831 tatis
356 2783 465 2857 quam
476 2757 520 2831 ad
532 2783 674 2832 omnem
686 2757 867 2832 doctrinae
879 2759 1061 2833 scientiam
1074 2773 1126 2834 est
1138 2759 1342 2834 utilissima.

316 3003 386 3075 Sed
404 3001 492 3101 quid
506 2999 612 3099 plura
628 3001 927 3076 commemorem?
939 3001 1104 3094 Quantae
1116 3001 1279 3076 utilitatis
1291 3007 1344 3075 sit

267 3135 398 3208 horum
422 3133 598 3236 indagatio
636 3146 673 3208 et
702 3159 823 3207 omnes
851 3146 1047 3232 agnoscunt
1081 3146 1118 3207 et
1155 3136 1230 3229 jam
1258 3135 1341 3208 du-

267 3265 357 3338 dum
373 3265 598 3338 eruditissimi
626 3265 785 3338 homines
808 3263 1024 3362 probarunt,
1049 3264 1114 3361 qui
1132 3263 1172 3334 in
1188 3263 1242 3336 his
1255 3289 1344 3362 ape-

268 3392 399 3465 riendis
429 3417 572 3490 operam
607 3418 708 3464 suam
727 3406 937 3490 posuerunt.
960 3393 1124 3486 Quorum
1157 3394 1195 3464 in
1216 3393 1347 3492 primis

268 3524 517 3598 memorandus
542 3535 594 3596 est
605 3524 649 3595 H.
665 3524 866 3624 Stephanus
880 3527 962 3622 qui,
994 3525 1087 3598 edita
1104 3527 1206 3598 Poe'ai
1226 3531 1346 3620 philo-

267 3661 429 3747 sophico,
472 3653 677 3752 principum
709 3652 970 3727 nonnullorum
1007 3679 1051 3728 ex
1087 3654 1348 3751 antiquissimis

269 3781 482 3880 philosophis
512 3783 706 3881 fragmenta
746 3782 908 3884 collegit,
934 3783 1121 3857 utilissimo
1151 3806 1235 3854 sane
1249 3807 1347 3894 ope-

267 3939 322 4007 re,
367 3915 430 3987 etsi
462 3941 525 4012 pro
555 3915 651 3992 illius
679 3919 799 3990 aetatis
837 3919 972 3992 ratione
1004 3915 1105 3992 nulla
1134 3941 1246 4015 paene
1261 3931 1347 3995 arte
