2924 4820
158 505 307 620 Accipis
328 548 416 620 ergo
432 521 756 602 Parmenidem‚
787 545 858 593 uem
882 523 1079 606 sordidum
1105 525 1186 621 ipso

107 643 264 720 Platone
283 647 411 742 judice
422 692 436 729 ,
462 655 616 717 maturae
645 631 790 742 verique
812 655 1014 729 auctorem,
1050 658 1085 719 et
1105 649 1199 720 doe·
1238 727 1241 734 ‚

108 771 231 840 trimae
256 772 444 866 grauitate
467 793 511 838 ac
531 768 718 842 reemsdita
732 769 1022 866 pbilosopbaudi
1042 771 1184 843 ratione

100 915 176 986 per
190 893 308 964 multa
332 893 451 964 secula
478 893 716 964 mobilitatum.
772 889 887 986 Quam
900 879 1067 991 ⁴profecto
1081 897 1186 965 uobi-

106 1011 248 1086 litatcm
273 1037 461 1112 numquam
479 997 544 1085 ills
572 1025 663 1086 esset
687 1025 878 1096 assecutus,
899 1019 974 1086 uisi
982 1017 1123 1114 ficisset
1144 1021 1185 1086 ia
1229 1107 1234 1119 Ι

105 1139 188 1207 oiri
213 1137 452 1232 philosophia
482 1138 670 1232 singulare
701 1139 871 1234 quiddam
900 1149 935 1209 et
961 1127 1184 1234 praestans,

104 1254 201 1356 quod
222 1260 447 1331 eruditorum
466 1261 587 1330 sudio
612 1263 790 1332 oscitaret
814 1271 1011 1358 mentesque
1038 1271 1184 1333 teneret.

110 1379 226 1474 Quale
259 1384 323 1454 boc
352 1387 415 1464 sit,
442 1385 520 1478 ipse
551 1388 674 1478 operis
707 1384 834 1454 tibulus
857 1385 996 1454 iudicat
1008 1410 1019 1452 .·
1038 1387 1187 1486 primus

104 1505 171 1575 ills
195 1515 260 1576 aut
276 1509 317 1576 iu
333 1510 471 1604 primis
493 1510 669 1602 coepitio
688 1531 855 1578 oerum
877 1509 1082 1604 inquirere,
1108 1532 1189 1578 cou-

107 1637 212 1722 staas
244 1629 397 1700 illudet
426 1641 622 1710 aeteruum,
656 1629 762 1725 idque
793 1632 836 1700 ab
863 1633 1069 1724 opinionum
1098 1655 1189 1701 cem·

106 1749 239 1821 mentis
257 1761 293 1822 et
312 1777 476 1822 sensuum
493 1755 714 1847 praestigiis
736 1758 936 1847 sejungere.
984 1752 1190 1848 Quodpbi-

107 1869 324 1969 losopbaudi
362 1854 467 1975 quasi
497 1877 639 1970 siquam
678 1884 719 1944 ut
753 1872 993 1945 Parmenides
1024 1876 1188 1972 sustulit,

105 2022 192 2066 aum
203 2001 400 2086 miramur,
416 2001 567 2094 optimos
585 2021 734 2094 quiesque
747 2006 782 2068 et
794 2001 924 2066 summi
935 2001 1077 2092 ingenii
1089 2000 1190 2068 eires

105 2119 212 2189 illius
231 2124 482 2192 auctoritatem
501 2145 575 2191 esse
591 2115 751 2192 secutos?
805 2116 878 2190 Est
897 2097 994 2189 euim
1012 2123 1067 2190 ita
1079 2147 1091 2188 .·
1108 2123 1192 2192 ceri

106 2242 228 2313 studio
259 2243 426 2313 ducimur
461 2267 598 2328 omues,
625 2253 661 2314 et
698 2267 763 2340 qua
797 2245 941 2338 quisque
964 2252 1019 2312 est
1045 2245 1190 2338 iugenio

106 2366 261 2455 celsior,
295 2392 335 2436 co
362 2370 482 2462 magis
509 2369 641 2454 scutit,
675 2387 802 2436 cerum
823 2359 1092 2462 perfectumque
1119 2391 1191 2436 acu

105 2491 149 2558 iu
169 2487 291 2582 fluais
315 2489 375 2559 bis
409 2489 536 2572 rebus,
575 2489 773 2583 oelpotius
797 2489 1003 2558 birrorum
1024 2489 1215 2567 umbrie‚.

106 2621 149 2681 ut
169 2609 281 2682 Plato
294 2613 485 2707 appellat,
512 2613 636 2683 sedin
664 2612 802 2682 divinis
829 2613 1055 2707 aeternisque
1078 2611 1190 2682 eollo·

108 2741 226 2804 catum
247 2757 331 2803 esse.
382 2733 487 2806 Licet
498 2745 631 2817 ouum,
651 2735 733 2804 dum
751 2759 943 2828 corporum
962 2735 1191 2829 compagibus
1326 2817 1330 2828 Ι

108 2853 246 2924 inclusi
272 2879 411 2947 summ,
443 2860 573 2927 mentis
606 2865 751 2926 uestrae
785 2855 1015 2925 imbecillitas
1044 2881 1191 2926 caruere

110 2977 208 3047 illud
224 3003 294 3049 acu
312 2979 450 3060 caleat,
477 2979 541 3048 sed
561 2998 783 3074 auguramur
803 2987 940 3048 tautum
972 2987 1007 3047 et
1025 2981 1130 3072 quasi
1153 2973 1192 3050 bt
1255 2949 1262 2964 ’

110 3095 271 3194 ἐσόπτρου
296 3125 504 3192 ccruamus,
535 3111 653 3172 tamea
679 3099 986 3196 mscio·.quomodo
994 3097 1049 3192 fit
1070 3109 1126 3179 ut,
1158 3103 1194 3168 si

111 3247 209 3319 quem
232 3222 416 3292 uideamus
440 3223 621 3295 diviniore
654 3227 791 3319 impetu
822 3225 1015 3292 eacitatum
1042 3231 1193 3291 mentem

110 3369 225 3441 supra
252 3345 420 3414 bumana·
440 3347 623 3428 adtollere,
652 3371 729 3416 eum
765 3345 989 3416 admiremur
1020 3354 1056 3416 et
1092 3347 1192 3439 sequi

107 3471 315 3564 gestiamus.
396 3465 532 3561 Quodsi
577 3470 723 3540 bouesta
767 3471 962 3565 meritoque
997 3467 1192 3536 laudabilis

112 3591 262 3661 babetur
284 3615 410 3662 earum
430 3616 555 3661 rerum
579 3591 842 3686 contemplatio,
859 3594 901 3660 ia
922 3591 1048 3686 quibus
1062 3588 1193 3682 pulcri

111 3713 283 3810 quaedam
320 3713 454 3810 effigies
489 3715 621 3793 elucet,
659 3722 788 3810 quauta
823 3722 878 3783 est
891 3795 894 3802 ¹
908 3711 1128 3782 laudabilius
1160 3720 1196 3780 et

105 3837 341 3930 praeclarius
365 3861 408 3905 ea
435 3861 642 3932 acquiescere
664 3845 700 3906 et
718 3837 866 3915 intueri,
895 3835 1084 3929 inquibus
1110 3837 1193 3903 ocri

98 3947 247 4052 'species
278 3961 444 4030 ceruitur
472 3961 671 4055 cupressu!
724 4052 728 4060 Ι
857 3983 860 3986 “
886 3954 1086 4027 Obscurum
1117 3981 1191 4026 esse

112 4079 370 4153 Parmenidem
389 4083 498 4178 vulgo
515 4089 631 4180 questi
642 4092 733 4154 suut.
766 4080 847 4152 Ista
864 4089 980 4150 tamea
993 4080 1193 4151 obscuritas
1227 4073 1236 4084 ⁵
