2840 4820
282 321 346 389 140
689 344 728 386 nx
749 342 939 386 xmornxrns

231 535 233 540 ·
278 507 374 569 recte
398 496 431 570 ei
455 495 636 568 tributum
660 495 815 570 videtur.
844 494 1005 593 Namque
1027 495 1056 566 si
1077 495 1125 566 ita
1153 494 1258 592 plane
1272 507 1336 570 xta-

277 603 423 691 ruisset,
452 605 518 701 qul
545 605 741 698 potuissent
770 613 907 675 veteres
931 613 1005 672 tam
1033 601 1127 678 varie
1155 605 1232 696 ejus
1259 627 1333 675 scn-

277 712 427 794 tentiam
461 709 727 808 interpretari?
755 710 933 781 Nimirum
968 706 1166 808 intelligere
1197 710 1335 807 quidem

276 817 396 890 Deum
421 830 458 890 ct
479 841 602 914 sapere
617 816 723 910 dixit3
738 841 812 888 non
831 828 953 890 autem
970 820 1081 915 i'psam
1098 827 1252 888 mentem
1269 841 1335 888 esse

278 949 392 1023 eaque
425 925 461 998 vi
479 923 653 998 -divinam
686 935 852 994 naturam
888 925 1034 996 omnino
1068 923 1267 996 contineri..
1287 923 1335 994 lta

277 1044 398 1103 tamen
422 1031 595 1130 Diogenes
626 1029 760 1128 aliique
781 1027 951 1103 videntur
975 1027 1205 1120 intellexisse,
1237 1039 1335 1124 atque

276 1137 363 1210 huic
401 1140 596 1210 sententiae
641 1160 842 1235 congruum
883 1149 936 1209 est
973 1135 1066 1208 illud
1111 1135 1206 1233 quod
1249 1133 1335 1206 idem

274 1243 443 1344 deinceps
469 1246 610 1319 refert:
641 1243 696 1343 ἔφη
720 1246 752 1315 δὲ
777 1251 828 1313 καὶ
856 1248 1007 1315 τὰπολλὰ
1032 1245 1110 1326 ἥττω
1140 1257 1182 1314 νοῦ
1207 1239 1279 1312 εἶναι
1303 1239 1334 1312 ⁸⁰.

275 1355 373 1427 Haeo
403 1353 508 1428 verba
532 1351 652 1450 legens
680 1352 726 1424 de
753 1349 899 1423 Platone
925 1353 1043 1449 potius
1069 1375 1179 1450 quam
1205 1349 1248 1422 de
1274 1348 1335 1420 xe-

274 1461 441 1558 nophane
463 1460 518 1558 agi
542 1471 648 1556 putes
675 1485 682 1528 :
720 1483 803 1528 nam
829 1470 1033 1556 congruunt
1057 1457 1132 1530 lene
1157 1480 1238 1528 cum
1262 1454 1312 1525 his
1325 1507 1335 1544 ,

236 1615 242 1624 ·
276 1593 371 1666 quae
399 1566 461 1638 illc
487 1567 527 1636 in
554 1566 695 1638 Timaeo
711 1565 821 1636 dicit:
845 1573 1007 1660 μεμιγμένη
1031 1575 1050 1644 ἡ
1081 1564 1160 1634 τοῦδε
1180 1575 1224 1633 τοῦ
1243 1571 1336 1652 etopus

276 1685 385 1770 γένεσις
413 1680 444 1758 ἐξ
472 1685 599 1768 α’νάγκης
628 1701 659 1742 τε
693 1680 742 1744 καὶ
772 1686 815 1743 νοῦ
847 1685 994 1757 ονςάσεως
1025 1677 1186 1768 ἐγεννήθη·
1221 1682 1281 1738 νοῦ
1309 1671 1336 1739 δὲ

275 1795 456 1876 ἀνάγκης
485 1782 683 1878 ἄρχοντος
705 1785 750 1876 τῷ
770 1789 883 1852 πείθειν
912 1789 999 1866 αὐτὴν
1034 1797 1088 1851 τῶν
1117 1787 1281 1876 γιγνομένων
1304 1785 1338 1846 τὰ
1408 1863 1410 1870 .

274 1894 384 1974 πλεῖςα
407 1895 452 1960 ἐπὶ
477 1894 509 1956 τὸ
535 1890 669 1974 βέλτιςσν
694 1889 802 1983 οἴγειν,
827 1896 917 1982 ταύτῃ
941 1896 1018 1957 κατὰ
1041 1891 1136 1958 ταύτά
1158 1915 1188 1956 τε
1211 1879 1247 1957 δι’
1274 1877 1343 1978 (δι’

273 1994 344 2068 del.
372 1994 739 2091 νίᾶθῐιιΐ)ἀνάγκης
763 2004 992 2087 ἡττωμένης
1018 2001 1089 2066 ὑπὸ
1116 1992 1262 2070 πενθεῖς
1283 1988 1335 2081 ἔμ-

273 2132 409 2201 φρονος
432 2103 503 2172 οὕτω
523 2094 592 2170 κατ’
615 2109 710 2196 ἀρχὰς
722 2103 854 2183 ξννίςατο
873 2104 938 2174 τόδε
962 2110 993 2173 τὸ
1005 2121 1063 2174 πᾶν
1075 2099 1111 2176 ⁸¹.
1138 2104 1194 2174 Sic
1219 2097 1334 2170 Plato:

274 2207 485 2305 Xenophani
505 2219 626 2278 autern
646 2206 717 2278 hoc
737 2205 909 2303 placitum
926 2209 1098 2284 effinxisse
1113 2209 1279 2283 videntur
1296 2228 1335 2278 ex

273 2315 339 2388 illo
360 2315 456 2413 quod
481 2339 588 2410 supra
615 2315 890 2388 memoravimus
915 2331 1143 2416 argumento,
1160 2318 1292 2401 Deum,
1309 2311 1336 2381 si

274 2433 364 2495 esset
379 2421 542 2492 omnium
570 2421 905 2518 praestantissimus,
923 2449 1041 2494 unum
1065 2449 1140 2497 esse
1167 2433 1334 2519 oportere,

273 2553 347 2600 non
374 2523 516 2598 multos.
541 2527 669 2623 Itaque
691 2526 720 2596 si
745 2527 842 2623 apud
865 2527 1059 2626 Diogenem
1083 2529 1280 2628 legeretur,
1304 2531 1336 2592 nt

272 2639 365 2706 πολλὰ
389 2633 469 2714 ἥττω
494 2645 540 2703 τώ
566 2639 623 2710 ἑνὸς
642 2629 741 2724 εἶναι,
763 2647 875 2730 posset
892 2635 1037 2708 omnino
1062 2635 1226 2734 probari3
1246 2655 1335 2704 nunc

271 2864 346 2924 Hinc
358 2861 503 2922 Fabricius
518 2860 554 2920 ad
565 2863 680 2922 Sextum
690 2863 772 2945 Emp.
784 2887 812 2945 p.
825 2863 876 2946 59,
890 2877 997 2936 censet,
1014 2889 1029 2922 n
1039 2865 1240 2948 Xenophanem
1256 2862 1336 2920 Deum

272 2955 376 3015 dixisse
398 2965 520 3012 mentem
542 2965 700 3028 aeternam,
726 2976 809 3014 unam
835 2969 862 3014 et
886 2957 1097 3032 inmutabilem,
1123 2958 1280 3032 rationeque
1308 2967 1336 3005 te

271 3065 353 3104 sensu
364 3042 514 3124 pollentem
523 3087 534 3114 ,
553 3057 623 3102 caet.
641 3068 655 3100 ν
679 3049 715 3104 At
726 3043 914 3126 Xenophanes
931 3043 966 3104 de
980 3045 1040 3106 Deo
1053 3043 1248 3106 tantummodo
1264 3056 1336 3120 pree·

272 3137 377 3196 dicasse
389 3133 509 3205 videtur,
528 3148 559 3192 ut
569 3134 728 3216 Simplicius
748 3133 836 3206 dicit,
850 3135 940 3196 πάνυ
956 3138 1018 3197 νοεῖν
1040 3136 1128 3211 eit-lv,
1152 3134 1225 3215 unde
1240 3132 1336 3190 Sextus

270 3226 427 3307 Empiricus
438 3237 466 3283 et
486 3225 609 3285 Galenus
623 3221 731 3299 λογινὲν
756 3225 897 3306 appellant
912 3226 1096 3309 Xenophanis
1115 3231 1225 3303 Deum,
1241 3237 1335 3281 rerum·

193 3331 196 3342 ¹
270 3331 362 3377 tamen
383 3314 427 3376 vlt
449 3325 500 3376 νοῦν
525 3337 541 3374 a
565 3337 694 3386 sensuum
713 3317 893 3398 perceptione
921 3337 979 3376 non
1005 3319 1073 3376 fecit
1102 3317 1271 3379 distinctam.
1302 3305 1335 3364 cl·

191 3439 196 3450 ·
268 3408 362 3466 Ritter
373 3427 401 3487 p.
421 3403 491 3484 453.

255 3583 258 3590 .
313 3535 378 3614 (80)
400 3535 518 3615 Diogen.
540 3535 560 3594 l.
586 3534 605 3592 Ι.
630 3534 693 3594 Non
719 3555 831 3616 possum
858 3535 979 3618 probare
1004 3537 1145 3598 Brendisii
1178 3533 1335 3610 interpreta-

270 3627 375 3686 tionem
397 3625 426 3684 in
443 3626 597 3684 Comment.
622 3644 649 3704 p.
671 3623 729 3706 57,
758 3645 840 3702 quam
864 3627 938 3686 inlra
961 3629 1044 3686 etiam
1067 3639 1220 3708 tangemus.
1246 3616 1287 3678 Ab
1306 3631 1335 3670 0⁰
1377 3667 1381 3678 .

272 3713 390 3774 discedit
411 3735 521 3793 quoque
540 3715 632 3773 Ritter
651 3735 680 3795 p.
702 3712 773 3792 453.

309 3845 374 3925 (81)
401 3847 478 3906 Plato
504 3847 578 3906 Tim.
605 3867 632 3926 p.
652 3843 692 3923 48
717 3849 750 3906 Δ.
770 3845 899 3906 Eandem
931 3847 990 3907 lere
1019 3843 1201 3930 Xenophanto
1222 3843 1334 3896 mentem

269 3934 355 3994 fuisse
366 3949 459 3995 censet
481 3937 582 3997 Cousin
598 3957 627 4017 p.
648 3934 698 3996 83.
716 3956 779 3996 cum
806 3937 970 3999 Casauhono
990 3936 1027 4000 ad
1042 3940 1160 4021 Diogen.
1185 3931 1274 3992 Laert.
1300 3916 1334 3976 cl·

271 4023 357 4106 Bayle
379 4025 503 4088 Diction.
530 4026 668 4106 Xenoplr.
690 4039 749 4088 not.
771 4027 806 4087 D.
