2870 4824
243 338 265 378 1

243 503 387 584 tamen,
422 491 587 590 quamvis
622 488 732 590 plena
764 489 810 562 sit
837 490 1023 564 fictionum
1043 511 1168 563 rerum
1197 491 1326 566 verita-

140 689 144 700 .
243 637 318 698 tem
340 623 634 716 obscurantium,
661 636 837 722 apparent
853 624 893 695 in
919 623 974 696 his
998 621 1240 720 praeclarioris
1261 623 1326 694 in-

241 757 339 856 genii
354 757 511 857 vestigia,
527 756 660 856 quibus
673 781 778 833 verae
802 755 1045 855 philosophiae
1067 756 1141 834 vim
1152 781 1327 855 agnoscas.

241 887 275 958 E
299 884 565 986 multispauca
595 884 790 960 afferamus
815 883 991 984 exemplat

289 1121 536 1220 Philosophiae
550 1122 604 1198 ris
617 1121 813 1220 praecipue
835 1121 876 1190 in
896 1143 940 1192 eo
963 1118 1126 1192 cernitur
1141 1130 1185 1192 ut
1202 1143 1327 1193 rerum

242 1281 373 1355 genera
399 1254 592 1354 anquirat,
619 1278 714 1352 quae
739 1254 780 1324 in
803 1262 933 1325 natura
960 1250 1131 1326 videntur
1155 1249 1325 1325 dissoluta

241 1399 282 1460 et
295 1385 470 1485 dispersa,
491 1385 628 1459 ratione
641 1397 850 1483 componat,
866 1382 1006 1483 legibus
1022 1382 1234 1483 adstringat,
1251 1410 1326 1458 cer·

240 1517 359 1616 tisque
388 1515 670 1614 comprehendat
701 1515 824 1588 formis
853 1527 976 1588 mente
1009 1515 1208 1613 expressis,
1237 1540 1326 1614 quas

241 1648 430 1721 intueatur
453 1658 629 1746 tanquam
662 1643 828 1744 exempla
857 1657 895 1719 et
920 1646 1054 1745 species
1078 1671 1204 1720 eorum
1231 1671 1325 1746 quae

195 1769 200 1774 ¹
242 1777 355 1852 oculis
389 1777 650 1878 adspiciuntur.
689 1776 806 1873 Cujus
839 1777 914 1853 sive
949 1777 1033 1850 artis
1062 1777 1140 1860 ,sive
1173 1779 1326 1851 notionis

241 1935 359 2010 quum
389 1911 465 2009 ipsa
495 1922 627 2008 natura
655 1933 803 2002 sensum
830 1907 1016 2007 quendam
1038 1909 1079 1980 in
1103 1908 1230 1980 animis
1253 1912 1325 1981 im-

239 2043 427 2142 presserit,
449 2066 523 2141 quo
545 2041 654 2116 rudes
678 2041 787 2116 etiam
807 2040 971 2115 homines
995 2052 1033 2112 et
1055 2041 1192 2113 indocti
1216 2041 1327 2114 varia·

241 2198 326 2246 rum
353 2197 479 2268 rerum
505 2184 652 2244 naturas
676 2182 714 2244 et
742 2151 873 2270 genera
901 2169 1127 2270 concipiant,
1156 2171 1324 2246 universa

240 2303 418 2404 quaedam
437 2293 613 2402 principia
630 2313 844 2402 agnoscant,
860 2304 994 2376 summi
1011 2329 1135 2378 rerum
1159 2305 1324 2379 omnium

240 2437 412 2536 principis
424 2447 462 2510 et
477 2435 631 2510 auctoris
646 2435 840 2534 imaginem
856 2449 979 2510 mente
999 2435 1195 2511 informent
1208 2465 1219 2530 3
1239 2437 1324 2537 phi-

240 2564 424 2665 losophiae
447 2577 526 2656 est,
551 2591 645 2664 quae
662 2578 793 2639 natura
814 2565 1013 2658 inchoavit,
1029 2565 1227 2665 explicare,
1254 2568 1325 2641 ob·

239 2723 359 2772 scuras
378 2710 415 2772 et
431 2696 657 2796 complicatas
674 2695 934 2797 intelligentiae
954 2697 1116 2772 notiones
1135 2695 1325 2788 evolvere,

240 2829 403 2928 aperire,
429 2830 610 2927 certisque
634 2827 756 2899 formis
789 2827 993 2928 exprimere
1022 2853 1096 2927 quo
1118 2841 1249 2903 cuncta
1271 2855 1324 2904 11

238 2960 414 3034 ferantur.
442 2959 488 3030 In
515 2958 570 3032 his
600 2955 717 3032 multa
741 2960 817 3053 jam
846 2970 986 3035 veteres
1009 2957 1065 3030 illi
1090 2972 1196 3033 acute
1220 2961 1323 3037 vide-

240 3103 339 3164 runt.
364 3090 491 3166 Veluti
512 3115 629 3190 quum
655 3091 775 3165 Deum
803 3115 878 3165 esse
902 3091 1140 3191 antiquissimi
1162 3093 1237 3188 jam
1264 3092 1323 3166 ho·

240 3225 356 3298 mines
371 3223 581 3316 crederent,
605 3223 711 3296 tacita
737 3237 890 3297 naturae
916 3223 1186 3323 praesensione,
1207 3224 1324 3324 qualis

238 3381 324 3432 vero
349 3367 455 3448 esset,
472 3355 512 3428 in
530 3355 669 3427 infinita
685 3351 746 3425 illa
769 3378 894 3429 rerum
918 3355 1089 3431 varietate
1108 3357 1169 3430 vix
1183 3369 1325 3454 possent

238 3477 432 3589 suspicari,
470 3488 670 3562 accuratius
711 3483 891 3585 explicare
925 3467 1164 3560 instituerunt
1202 3485 1321 3587 philo-

237 3620 340 3718 sophi
363 3645 371 3692 :
397 3619 568 3697 viderunt
588 3620 627 3690 in
651 3631 830 3718 perpetuo
850 3616 912 3691 illo
934 3643 1059 3702 rerum
1079 3617 1184 3692 fluxu
1207 3629 1244 3690 et
1263 3617 1321 3693 11-

237 3749 445 3825 cissitudine
470 3775 591 3824 unum
613 3737 798 3848 quoddam
815 3775 889 3824 esse
913 3761 1075 3824 constans
1097 3761 1133 3822 et
1156 3747 1201 3820 ab
1222 3750 1321 3822 omni

237 3881 438 3955 mutatione
450 3907 624 3978 vacuum,
638 3906 749 3980 quam
765 3893 935 3956 naturam
951 3883 1071 3955 animo
1086 3879 1322 3956 informantes

239 4029 492 4117 expresserunt
519 4017 653 4112 talem,
677 4043 772 4118 quae
800 4016 872 4091 sola
898 4031 988 4092 essct
1014 4041 1137 4094 revera
1164 4015 1223 4114 (τὸ
1240 4017 1274 4092 ὂν
1288 4019 1318 4116 ),
