2942 4830
568 373 805 424 rumosorms.
982 423 985 428 ,
1161 361 1224 423 265

151 565 178 612 n
192 539 407 614 Parmenidis
429 539 603 614 sententia
621 555 690 634 est,
704 521 940 616 cumdeatrae
957 553 1073 638 partes
1091 541 1224 614 semina

148 687 176 740 >³
188 661 364 754 dederint,
381 681 461 736 tum
481 663 566 736 filios
588 687 662 737 esse
682 665 774 762 patri
791 659 1096 754 consimiles30irrn
1109 662 1224 756 laeva,

150 805 177 856 >r
190 797 279 856 tunc
314 781 452 858 matri.”
502 783 574 857 Hac
600 783 699 858 enim
721 810 840 858 caussa
866 787 971 858 sends
988 783 1226 860 diversitatem

148 903 263 998 effici,
295 903 398 978 modo
423 903 591 980 vidimus.
644 906 858 986 Censorinus
891 931 1005 1006 quum
1032 919 1225 1006 utramque

149 1024 399 1126 quaestionem
420 1025 543 1102 eodem
567 1026 679 1126 cupite
705 1041 889 1117 tractaret,
905 1027 1006 1100 saciie
1023 1029 1139 1126 potuit
1160 1031 1224 1104 ista

148 1145 385 1220 confundere.
433 1148 623 1222 Caeterum
644 1148 703 1223 illa
726 1156 872 1249 quo'que
899 1149 985 1222 ratio
1007 1131 1225 1224 Parmenidis

149 1269 288 1368 placitis
320 1281 552 1342 consentanea
585 1285 649 1344 est.
697 1271 788 1345 Nam
817 1296 935 1372 quum
965 1295 1012 1344 ex
1035 1271 1225 1370 utriusque
1251 1331 1255 1346 -.

149 1391 298 1463 seminis
322 1393 493 1489 temperie
516 1407 679 1466 nascatur
701 1393 832 1492 proles,
859 1418 1000 1466 necesse
1018 1408 1088 1486 est,
1106 1373 1223 1494 quum

148 1511 289 1584 semina
307 1513 402 1586 varie
418 1524 611 1612 temperata
631 1515 864 1606 misceantur,
882 1517 1025 1590 exsistat
1041 1518 1139 1597 inter,
1150 1517 1224 1615 ipsa

149 1635 255 1731 quasi
269 1645 448 1705 certamen
464 1631 660 1732 quoddam,
672 1648 708 1706 et
722 1639 840 1710 utrius
856 1638 1017 1736 superior
1035 1640 1079 1712 sit
1096 1653 1224 1712 notura

150 1752 339 1854 majorque
359 1755 428 1846 vis,
449 1753 526 1854 ejus
546 1753 695 1852 figuram
724 1755 942 1858 vultumque
965 1759 1102 1833 referri.
1154 1760 1224 1834 Ne-

149 1902 228 1978 que
250 1877 295 1949 ab
312 1876 378 1949 hae
396 1877 562 1975 opinione
578 1876 735 1952 muitum
755 1876 931 1977 discrepat
948 1879 1038 1954 iliud
1056 1907 1225 1981 quorum-

150 1999 237 2072 dam
270 1997 459 2094 plaoitum,
491 1997 588 2098 quod
616 2011 833 2072 memoratur
865 1999 911 2072 ab
942 2001 1128 2076 Aristotele
1145 2007 1223 2074 ¹²⁸:

150 2119 221 2218 ἀφ’
254 2122 407 2218 ὁποτέρου
443 2117 484 2198 ἂν
513 2119 590 2216 ἔλθῃ
614 2119 750 2216 σπέρμα
773 2122 891 2213 πλέον,
921 2126 1029 2223 τούτῳ
1051 2122 1224 2223 γίγνεσθαι

150 2248 286 2340 μᾶλλον
305 2241 414 2324 ἐοικός.

161 2407 165 2413 ·
206 2363 1227 2482 HaecsuntquaedehumanapmgenieeParmeuidissem

150 2491 262 2563 tentia
275 2488 486 2586 accepimus:
497 2485 616 2558 omnia
627 2484 703 2557 fere
711 2483 756 2556 ah
766 2484 824 2557 ilio
834 2484 878 2558 ad
889 2485 1031 2556 seminis
1040 2485 1224 2588 materiem

151 2625 189 2684 et
204 2611 398 2684 mixturam
408 2607 630 2680 referuntur.
644 2605 829 2679 Praeterea
838 2619 960 2679 autem
969 2605 1066 2699 vidit,
1081 2607 1223 2709 utjusta

151 2731 326 2806 efficiatur
346 2728 552 2828 temperies,
573 2725 710 2826 requiri
728 2729 835 2800 etiam
854 2728 1025 2802 virtutem
1042 2728 1223 2828 quandam

150 2855 191 2926 in
212 2851 434 2928 diversorum
453 2849 632 2922 seminum
648 2849 876 2922 consensione
893 2848 1057 2946 positam,
1074 2874 1147 2948 qua
1165 2848 1223 2922 itta

135 2979 233 3072 ‚apte
254 2971 458 3046 coalescant.
509 2967 582 3042 Ubi
600 2961 687 3042 haec
706 2970 885 3042 consensio
902 2966 1008 3058 adsit,
1025 2967 1118 3042 hene
1133 2993 1223 3042 con-

143 3095 224 3168 ¹dita
239 3119 382 3192 corpora
400 3093 509 3186 nasci3
529 3089 592 3164 ubi
605 3090 694 3165 desit
705 3105 742 3162 et
752 3090 886 3164 semina
896 3089 990 3161 inter
1001 3113 1039 3161 se
1049 3101 1223 3187 pugnent,

151 3217 249 3292 fetus
267 3213 441 3313 procreari
457 3213 583 3288 fractos
598 3227 634 3286 et
650 3209 783 3286 debiles
800 3225 836 3284 et
853 3209 954 3310 qussi
971 3208 1055 3282 diris
1070 3221 1222 3284 vexatos.

149 3337 258 3434 Sica
287 3337 470 3412 seminum
488 3336 582 3408 inter
602 3361 639 3410 se
660 3333 888 3410 consensione
910 3330 968 3410 vel
989 3329 1222 3430 repugnantia

151 3456 287 3532 bonum
308 3457 489 3534 malumve
507 3483 695 3556 corporum
711 3455 874 3528 habitum
890 3453 1047 3554 pendere
1069 3458 1148 3527 ¹²⁹.

183 3652 257 3716 (aas)
289 3651 395 3703 Aristot.
407 3649 440 3702 dc
452 3651 543 3704 Gener.
559 3649 637 3704 inim.
648 3649 695 3712 tv,
709 3647 731 3701 ³.
745 3665 769 3718 p.
783 3647 830 3702 ⁸52
841 3651 869 3706 F.

186 3742 259 3810 (129)
292 3740 329 3798 Cf.
340 3749 508 3796 commentar.
522 3757 547 3814 p.
565 3754 619 3806 ¹²7.
635 3740 687 3792 128.
