2942 4830
468 445 476 464 ,
520 405 760 458 rumosorms.
1110 395 1171 456 211

95 573 228 670 πάντων
261 571 467 672 complexio.
519 575 575 648 Ex
603 572 657 646 his
676 571 824 673 judicari
845 583 973 670 potest,
996 587 1177 671 quonium

94 700 186 774 intes
210 708 410 795 utrumque
430 693 603 770 rationem
627 695 776 770 intersit.
826 694 971 788 Quibus
993 707 1078 770 reio
1097 677 1177 768 me-

95 817 209 904 chinis
252 816 421 892 Platonici
456 817 513 890 nsi
550 817 640 910 sint,
678 830 722 890 ut
754 813 972 890 Parmenidis
1013 813 1103 908 dieto
1133 812 1178 888 nd

94 965 196 1012 susus
233 951 396 1012 mentem
428 951 465 1012 et
495 937 706 1012 sententiam
735 935 1011 1038 detorquerent,
1036 937 1074 1010 in
1099 937 1177 1008 sin·-
1270 915 1276 936 ⁸

93 1060 186 1158 gulis
200 1059 303 1136 illius
326 1061 544 1161 argumentis
563 1071 600 1132 et
617 1057 819 1136 notionibus
838 1057 1051 1158 explicandis
1068 1081 1178 1154 supra

94 1181 331 1258 ostendimus.
1222 1216 1225 1222 =

598 1429 615 1510 ς
644 1431 695 1490 ιι.

144 1672 229 1748 Jum
247 1673 458 1772 praecipuo,
478 1696 573 1772 quoe
596 1671 815 1769 souepimus,
831 1687 995 1748 veterum
1012 1673 1183 1774 interpre-

100 1807 178 1868 tum
196 1788 333 1893 judicio
348 1791 393 1866 de
407 1790 627 1866 Parmenidis
644 1805 727 1866 ente
743 1795 998 1892 percurrimus.
1009 1790 1031 1834 *
1046 1794 1183 1888 Quodsi

100 1914 168 2014 ism
206 1915 439 2016 quaerimus,
470 1913 568 2014 quod
600 1911 741 2012 dudum
771 1914 999 2014 indagamus,
1022 1941 1117 2018 quoe
1147 1929 1184 1989 et

101 2037 216 2137 qualis
253 2049 385 2136 nature
416 2061 459 2110 oo
491 2035 727 2133 signifioetur,
749 2043 859 2136 magis
886 2035 1065 2135 proiecto,
1094 2038 1184 2139 qnid

103 2184 173 2233 non
197 2161 264 2255 sit,
300 2185 412 2259 quom
432 2156 522 2259 quid
546 2158 590 2230 sit
612 2181 676 2232 ens
701 2157 1000 2252 Parmenideum,
1027 2157 1184 2232 didicisse

134 2400 172 2470 (⁵)
204 2399 340 2455 Sosiorum
357 2399 496 2452 sententies
514 2398 548 2450 ds
568 2413 600 2449 eo
624 2405 652 2450 et
670 2397 763 2466 judicio
776 2397 868 2452 ordine
879 2415 1011 2471 exponere
1028 2401 1135 2470 longum
1146 2400 1185 2452 fo·

104 2497 157 2554 ret;
182 2491 265 2543 obsis
294 2497 355 2542 mut
381 2488 499 2540 omnibus
526 2496 553 2539 nt
577 2487 612 2538 sb
633 2487 802 2558 antiquorum
834 2491 889 2543 iere
919 2492 1094 2562 interpretum
1115 2493 1186 2546 testi·

106 2581 193 2633 moniis
219 2579 344 2650 pendent.
378 2578 484 2630 Silentio
507 2585 593 2630 umen
613 2581 757 2646 praeterire
777 2597 830 2632 non
854 2597 959 2650 possum
989 2581 1113 2651 judicium
1140 2581 1183 2635 Jo-

105 2667 197 2722 Theou
221 2687 276 2722 vnn
297 2668 345 2722 der
356 2667 462 2736 liemp,
483 2667 509 2718 iu
528 2667 736 2732 Pnrmenide,
753 2668 821 2722 libro
835 2671 913 2737 vulgo
933 2671 1017 2724 minus
1041 2681 1119 2736 uoto.
1140 2679 1185 2748 qui

105 2757 180 2812 talen
209 2760 283 2811 illius
314 2755 503 2826 philosophiam
534 2755 673 2810 describit:
707 2760 878 2824 ιΝιῐιιιιΙίι,
907 2761 1007 2833 inquii,
1028 2763 1186 2820 9,,ωῶ
1283 2765 1288 2784 ι

106 2846 269 2920 philosophia
287 2849 312 2897 in
336 2847 410 2898 hinne
431 2845 517 2916 priter
533 2845 583 2898 fuis
594 2847 690 2912 divisa,
704 2865 814 2918 quarum
827 2850 934 2902 niteram
945 2867 1063 2905 sensuum
1076 2854 1188 2922 indagini

106 2938 265 3006 subjectam,
288 2937 396 2990 alterum
418 2951 485 3005 puro
508 2931 652 2988 intellectui
673 2937 783 2992 dientem
805 2938 989 3007 irrisos,vulgo
1013 2943 1127 3010 agnitum
1139 2955 1185 2999 est.

106 3025 217 3092 lieinde.
239 3035 274 3080 ut
286 3027 321 3078 in
342 3035 417 3096 perte
434 3023 611 3096 philosophiae
629 3025 740 3078 sensusii
752 3027 820 3080 binis
831 3029 956 3083 ntebsmr
968 3033 1103 3102 principiis
1112 3073 1119 3097 ‚
1129 3035 1188 3102 igne

107 3125 132 3168 et
149 3127 239 3182 terre,
254 3115 386 3176 similiter,
401 3115 479 3177 dicit,
491 3112 670 3184 philosophiae
682 3117 737 3182 ejus
755 3133 814 3184 psrs
827 3117 962 3172 sublimior
973 3119 1041 3174 binis
1051 3125 1187 3178 consubst

106 3205 243 3276 espidhur,
257 3205 284 3257 in
302 3221 414 3276 quorum
430 3220 483 3255 uno
495 3205 527 3256 de
540 3211 618 3256 ente
630 3242 636 3264 ‚
646 3201 729 3255 altero
740 3203 772 3255 de
786 3216 967 3270 non-ente,
987 3217 1110 3280 tanunm
1118 3213 1188 3281 prin.

108 3298 175 3367 eipiis
192 3303 244 3352 τοῦ
265 3295 388 3356 amic.
408 3292 494 3363 speeie
510 3289 617 3362 quidem
636 3299 664 3344 et
684 3307 764 3354 voce,
777 3307 886 3346 numero
904 3311 968 3348 sero
978 3297 1084 3351 minime
1095 3299 1188 3353 disere-

109 3387 151 3450 tis,
171 3389 338 3445 Parmenides
357 3382 509 3438 disusehut.
544 3383 578 3436 Et
598 3399 663 3438 rone
682 3382 761 3444 ὄντος
772 3382 928 3437 intellexisse
940 3401 1000 3438 eum
1011 3386 1095 3440 sideri
1106 3405 1188 3440 unum

108 3491 310 3552 supremumque
332 3474 573 3544 oeunfflstmf
591 3475 696 3528 nomine
717 3475 899 3530 universorum
919 3491 1007 3528 rerum
1026 3477 1096 3528 omni
1105 3477 1189 3532 forms

112 3571 136 3615 et
154 3567 278 3638 qssolitste
300 3576 405 3620 esuum
426 3565 560 3619 materiem
581 3565 765 3632 desipuisse,
792 3573 820 3618 et
842 3563 910 3618 hone
933 3564 1019 3616 nihil
1039 3567 1189 3635 nppelhsse.

112 3653 188 3709 hmbo
209 3667 298 3712 sutem
318 3655 384 3709 isses
402 3657 439 3709 itn
460 3655 639 3726 coniunxisse,
659 3663 690 3707 ut
701 3671 750 3708 nee
761 3655 1040 3726 influitnmntrinsqne
1052 3655 1189 3708 discrimen

114 3743 228 3808 tonan,
241 3765 327 3820 neque
338 3747 409 3804 orbis
418 3747 491 3818 quui
502 3745 641 3818 imperium
651 3745 736 3798 Deum
749 3745 819 3798 inter
829 3745 1017 3814 muriamque
1029 3743 1190 3797 divideret.”

114 3831 168 3889 th.
186 3839 339 3907 pssesertim
360 3854 385 3907 p.
399 3838 444 3901 ἰμι
460 3854 515 3910 sqq.
547 3836 622 3888 Retio
643 3834 722 3898 hsec,
740 3835 767 3906 in
788 3852 865 3909 qnnnr
888 3849 1011 3906 perverso
1033 3835 1190 3904 interpretu-

115 3921 181 3978 tione
193 3927 244 3980 loei
257 3925 397 3981 Aristotelis
408 3925 523 3997 ldetsph.
539 3929 561 3991 1,
575 3925 598 3987 5,
618 3925 664 3997 (de
675 3941 728 3998 quo
742 3925 876 3994 inferius§
892 3941 929 3992 ¹9⁹
943 3941 967 3976 ιι.
979 3924 1008 3992 9)
1025 3921 1120 3976 duetus
1134 3930 1192 3985 est,

115 4015 204 4076 wilm
228 4035 243 4070 e
264 4015 377 4070 Pistonis
396 4015 548 4072 Psrrnenide
566 4017 662 4092 purtim
680 4035 698 4071 e
720 4017 846 4071 seriorum
857 4011 1115 4082 interpretationibus
1127 4027 1192 4066 eou-

117 4095 184 4168 Μ’.
206 4125 282 4178 quom
294 4125 388 4180 pssum
398 4108 559 4164 immeuidis
577 4093 672 4163 rationi
690 4113 831 4174 congrunt.
850 4098 903 4158 uon
923 4119 989 4174 opus
1007 4111 1048 4156 est
1066 4102 1173 4156 moneri.

985 4197 1049 4287 14*
