<?xml version="1.0" encoding="UTF-8"?>
<!DOCTYPE html PUBLIC "-//W3C//DTD XHTML 1.0 Transitional//EN"
    "http://www.w3.org/TR/xhtml1/DTD/xhtml1-transitional.dtd">
<html xmlns="http://www.w3.org/1999/xhtml" xml:lang="en" lang="en">
 <head>
  <title>
</title>
<meta http-equiv="Content-Type" content="text/html;charset=utf-8" />
  <meta name='ocr-system' content='tesseract 3.04.00' />
  <meta name='ocr-capabilities' content='ocr_page ocr_carea ocr_par ocr_line ocrx_word'/>
</head>
<body>
  <div class='ocr_page' id='page_1' title='image "./philosophorumgr01xenogoog_0088.png"; bbox 0 0 2870 4824; ppageno 0'>
   <div class='ocr_carea' id='block_1_1' title="bbox 288 365 930 454">
    <p class='ocr_par' dir='ltr' id='par_1_1' title="bbox 288 365 930 454">
     <span class='ocr_line' id='line_1_1' title="bbox 288 365 930 454; baseline 0.002 -23"><span class='ocrx_word' id='word_1_1' title='bbox 288 368 353 454; x_wconf 74' lang='lat'><strong>52.</strong></span> <span class='ocrx_word' id='word_1_2' title='bbox 437 365 441 373; x_wconf 88' lang='grc'>’</span> <span class='ocrx_word' id='word_1_3' title='bbox 739 388 930 434; x_wconf 76' lang='lat' dir='ltr'><strong>xancrnanrs</strong></span> 
     </span>
    </p>
   </div>
   <div class='ocr_carea' id='block_1_2' title="bbox 226 537 1372 747">
    <p class='ocr_par' dir='ltr' id='par_1_2' title="bbox 226 537 1372 747">
     <span class='ocr_line' id='line_1_2' title="bbox 335 537 1372 638; baseline 0.004 -28"><span class='ocrx_word' id='word_1_4' title='bbox 335 563 385 615; x_wconf 88' lang='lat' dir='ltr'><strong>vs.</strong></span> <span class='ocrx_word' id='word_1_5' title='bbox 417 565 445 610; x_wconf 72' lang='grc' dir='ltr'><strong>ιν</strong></span> <span class='ocrx_word' id='word_1_6' title='bbox 471 547 502 626; x_wconf 83' lang='grc' dir='ltr'><strong>τὸ</strong></span> <span class='ocrx_word' id='word_1_7' title='bbox 524 545 578 632; x_wconf 81' lang='grc' dir='ltr'><strong>μὲν</strong></span> <span class='ocrx_word' id='word_1_8' title='bbox 601 537 648 612; x_wconf 77' lang='grc' dir='ltr'><strong>οὖν</strong></span> <span class='ocrx_word' id='word_1_9' title='bbox 673 544 772 638; x_wconf 76' lang='grc' dir='ltr'><strong>σαφὲς.</strong></span> <span class='ocrx_word' id='word_1_10' title='bbox 790 540 909 613; x_wconf 87' lang='lat' dir='ltr'><strong>Potest</strong></span> <span class='ocrx_word' id='word_1_11' title='bbox 926 546 956 610; x_wconf 84' lang='grc' dir='ltr'><strong>τὸ</strong></span> <span class='ocrx_word' id='word_1_12' title='bbox 971 545 1059 638; x_wconf 76' lang='grc' dir='ltr'>σαφὲς</span> <span class='ocrx_word' id='word_1_13' title='bbox 1076 539 1235 615; x_wconf 86' lang='lat' dir='ltr'><strong>adverbii</strong></span> <span class='ocrx_word' id='word_1_14' title='bbox 1261 543 1372 616; x_wconf 84' lang='lat' dir='ltr'><strong>instar</strong></span> 
     </span>
     <span class='ocr_line' id='line_1_3' title="bbox 226 643 1370 747; baseline 0.002 -29"><span class='ocrx_word' id='word_1_15' title='bbox 226 705 230 710; x_wconf 90' lang='lat'><strong>.</strong></span> <span class='ocrx_word' id='word_1_16' title='bbox 284 644 432 738; x_wconf 85' lang='lat' dir='ltr'><strong>haberi,</strong></span> <span class='ocrx_word' id='word_1_17' title='bbox 461 643 576 721; x_wconf 85' lang='lat' dir='ltr'><strong>veluti</strong></span> <span class='ocrx_word' id='word_1_18' title='bbox 604 646 813 744; x_wconf 87' lang='lat' dir='ltr'><strong>simpliciter</strong></span> <span class='ocrx_word' id='word_1_19' title='bbox 836 651 925 744; x_wconf 82' lang='grc' dir='ltr'><em>σαιρὲς</em></span> <span class='ocrx_word' id='word_1_20' title='bbox 950 659 1148 744; x_wconf 89' lang='lat' dir='ltr'><strong>usurpatur</strong></span> <span class='ocrx_word' id='word_1_21' title='bbox 1175 675 1194 720; x_wconf 91' lang='lat' dir='ltr'><strong>a</strong></span> <span class='ocrx_word' id='word_1_22' title='bbox 1220 650 1335 747; x_wconf 70' lang='lat' dir='ltr'><strong>poetis</strong></span> <span class='ocrx_word' id='word_1_23' title='bbox 1363 677 1370 720; x_wconf 93' lang='lat'><strong>:</strong></span> 
     </span>
    </p>
   </div>
   <div class='ocr_carea' id='block_1_3' title="bbox 89 749 1374 849">
    <p class='ocr_par' dir='ltr' id='par_1_3' title="bbox 89 749 1374 849">
     <span class='ocr_line' id='line_1_4' title="bbox 89 749 1374 849; baseline 0.002 -27"><span class='ocrx_word' id='word_1_24' title='bbox 89 799 94 808; x_wconf 88' lang='lat'>·</span> <span class='ocrx_word' id='word_1_25' title='bbox 158 819 161 826; x_wconf 89' lang='grc'>,</span> <span class='ocrx_word' id='word_1_26' title='bbox 265 749 458 825; x_wconf 85' lang='lat' dir='ltr'><strong>&#39;articulus</strong></span> <span class='ocrx_word' id='word_1_27' title='bbox 480 754 578 824; x_wconf 89' lang='lat' dir='ltr'><strong>enim</strong></span> <span class='ocrx_word' id='word_1_28' title='bbox 598 777 703 849; x_wconf 85' lang='lat' dir='ltr'><strong>saepe</strong></span> <span class='ocrx_word' id='word_1_29' title='bbox 721 752 787 824; x_wconf 73' lang='lat' dir='ltr'><strong>ho‘c</strong></span> <span class='ocrx_word' id='word_1_30' title='bbox 808 753 912 824; x_wconf 88' lang='lat' dir='ltr'><strong>rnodo</strong></span> <span class='ocrx_word' id='word_1_31' title='bbox 931 751 1088 840; x_wconf 75' lang='lat' dir='ltr'><strong>additur,</strong></span> <span class='ocrx_word' id='word_1_32' title='bbox 1111 765 1154 824; x_wconf 91' lang='lat' dir='ltr'><strong>ut</strong></span> <span class='ocrx_word' id='word_1_33' title='bbox 1172 779 1257 826; x_wconf 84' lang='lat' dir='ltr'><strong>mox</strong></span> <span class='ocrx_word' id='word_1_34' title='bbox 1275 756 1314 826; x_wconf 93' lang='lat' dir='ltr'><strong>in</strong></span> <span class='ocrx_word' id='word_1_35' title='bbox 1336 763 1374 825; x_wconf 77' lang='grc' dir='ltr'><strong>τὰ</strong></span> 
     </span>
    </p>
   </div>
   <div class='ocr_carea' id='block_1_4' title="bbox 279 855 1377 2131">
    <p class='ocr_par' dir='ltr' id='par_1_4' title="bbox 279 855 1377 2131">
     <span class='ocr_line' id='line_1_5' title="bbox 281 855 1372 959; baseline 0.004 -31"><span class='ocrx_word' id='word_1_36' title='bbox 281 862 414 951; x_wconf 53' lang='lat' dir='ltr'><strong>patira-c:</strong></span> <span class='ocrx_word' id='word_1_37' title='bbox 436 858 517 930; x_wconf 86' lang='lat' dir='ltr'><strong>Vid.</strong></span> <span class='ocrx_word' id='word_1_38' title='bbox 544 856 688 931; x_wconf 87' lang='lat' dir='ltr'><strong>Fischer</strong></span> <span class='ocrx_word' id='word_1_39' title='bbox 714 859 758 931; x_wconf 92' lang='lat' dir='ltr'><strong>ad</strong></span> <span class='ocrx_word' id='word_1_40' title='bbox 782 855 933 932; x_wconf 92' lang='lat' dir='ltr'><strong>Weller.</strong></span> <span class='ocrx_word' id='word_1_41' title='bbox 960 857 1151 934; x_wconf 87' lang='lat' dir='ltr'><strong>Animadv.</strong></span> <span class='ocrx_word' id='word_1_42' title='bbox 1176 861 1219 952; x_wconf 88' lang='grc' dir='ltr'><strong>Ι,</strong></span> <span class='ocrx_word' id='word_1_43' title='bbox 1242 887 1277 959; x_wconf 89' lang='lat' dir='ltr'><strong>p.</strong></span> <span class='ocrx_word' id='word_1_44' title='bbox 1298 859 1372 953; x_wconf 72' lang='lat'><strong>334</strong></span> 
     </span>
     <span class='ocr_line' id='line_1_6' title="bbox 281 965 1377 1067; baseline -0.004 -27"><span class='ocrx_word' id='word_1_45' title='bbox 281 992 332 1066; x_wconf 84' lang='lat' dir='ltr'><strong>sq.</strong></span> <span class='ocrx_word' id='word_1_46' title='bbox 361 967 480 1064; x_wconf 89' lang='lat' dir='ltr'><strong>Potest</strong></span> <span class='ocrx_word' id='word_1_47' title='bbox 503 979 627 1041; x_wconf 89' lang='lat' dir='ltr'><strong>tamen</strong></span> <span class='ocrx_word' id='word_1_48' title='bbox 658 968 706 1039; x_wconf 87' lang='lat' dir='ltr'><strong>sic</strong></span> <span class='ocrx_word' id='word_1_49' title='bbox 734 991 880 1066; x_wconf 91' lang='lat' dir='ltr'><strong>quoque</strong></span> <span class='ocrx_word' id='word_1_50' title='bbox 905 965 1075 1064; x_wconf 89' lang='lat' dir='ltr'><strong>explicari</strong></span> <span class='ocrx_word' id='word_1_51' title='bbox 1101 995 1110 1038; x_wconf 78' lang='grc' dir='ltr'>τ</span> <span class='ocrx_word' id='word_1_52' title='bbox 1139 974 1169 1037; x_wconf 82' lang='grc' dir='ltr'><strong>τὸ</strong></span> <span class='ocrx_word' id='word_1_53' title='bbox 1195 973 1283 1067; x_wconf 78' lang='grc' dir='ltr'>σαρές</span> <span class='ocrx_word' id='word_1_54' title='bbox 1308 975 1377 1065; x_wconf 71' lang='grc' dir='ltr'><strong>περὶ</strong></span> 
     </span>
     <span class='ocr_line' id='line_1_7' title="bbox 281 1067 1373 1168; baseline 0.005 -26"><span class='ocrx_word' id='word_1_55' title='bbox 281 1079 386 1144; x_wconf 80' lang='grc' dir='ltr'>τούτων</span> <span class='ocrx_word' id='word_1_56' title='bbox 416 1073 496 1144; x_wconf 79' lang='grc' dir='ltr'><em>ἅσσα</em></span> <span class='ocrx_word' id='word_1_57' title='bbox 523 1077 612 1168; x_wconf 56' lang='grc' dir='ltr'><strong>λέγω.</strong></span> <span class='ocrx_word' id='word_1_58' title='bbox 639 1115 688 1127; x_wconf 93' lang='grc'><strong>-</strong></span> <span class='ocrx_word' id='word_1_59' title='bbox 713 1067 801 1168; x_wconf 73' lang='grc' dir='ltr'>γένετ’</span> <span class='ocrx_word' id='word_1_60' title='bbox 835 1071 981 1145; x_wconf 84' lang='lat' dir='ltr'>exhibet</span> <span class='ocrx_word' id='word_1_61' title='bbox 1006 1071 1243 1166; x_wconf 81' lang='lat' dir='ltr'><strong>Plutarchus3</strong></span> <span class='ocrx_word' id='word_1_62' title='bbox 1280 1075 1373 1147; x_wconf 87' lang='lat' dir='ltr'><strong>Sex-</strong></span> 
     </span>
     <span class='ocr_line' id='line_1_8' title="bbox 282 1177 1372 1278; baseline 0.005 -31"><span class='ocrx_word' id='word_1_63' title='bbox 282 1189 342 1251; x_wconf 89' lang='lat' dir='ltr'><strong>tus</strong></span> <span class='ocrx_word' id='word_1_64' title='bbox 359 1191 396 1250; x_wconf 90' lang='lat' dir='ltr'><strong>et</strong></span> <span class='ocrx_word' id='word_1_65' title='bbox 413 1179 590 1277; x_wconf 86' lang='lat' dir='ltr'>Diogenes</span> <span class='ocrx_word' id='word_1_66' title='bbox 608 1177 735 1276; x_wconf 90' lang='lat' dir='ltr'><strong>legunt</strong></span> <span class='ocrx_word' id='word_1_67' title='bbox 759 1181 837 1272; x_wconf 77' lang='lat' dir='ltr'><strong>tdsv3</strong></span> <span class='ocrx_word' id='word_1_68' title='bbox 863 1191 899 1250; x_wconf 92' lang='lat' dir='ltr'><strong>at</strong></span> <span class='ocrx_word' id='word_1_69' title='bbox 919 1204 1005 1250; x_wconf 87' lang='lat' dir='ltr'><strong>cum</strong></span> <span class='ocrx_word' id='word_1_70' title='bbox 1029 1181 1098 1248; x_wconf 62' lang='lat' dir='ltr'><strong>totta</strong></span> <span class='ocrx_word' id='word_1_71' title='bbox 1125 1179 1240 1252; x_wconf 88' lang='lat' dir='ltr'><strong>rarius</strong></span> <span class='ocrx_word' id='word_1_72' title='bbox 1262 1182 1372 1278; x_wconf 80' lang='lat' dir='ltr'><strong>signi-</strong></span> 
     </span>
     <span class='ocr_line' id='line_1_9' title="bbox 280 1283 1374 1381; baseline 0.001 -26"><span class='ocrx_word' id='word_1_73' title='bbox 280 1284 364 1358; x_wconf 89' lang='lat' dir='ltr'><strong>ficet</strong></span> <span class='ocrx_word' id='word_1_74' title='bbox 381 1291 488 1376; x_wconf 81' lang='lat' dir='ltr'><strong>scire,</strong></span> <span class='ocrx_word' id='word_1_75' title='bbox 507 1296 544 1356; x_wconf 92' lang='lat' dir='ltr'><strong>et</strong></span> <span class='ocrx_word' id='word_1_76' title='bbox 561 1283 747 1356; x_wconf 82' lang='lat' dir='ltr'><strong>Plutarchi</strong></span> <span class='ocrx_word' id='word_1_77' title='bbox 770 1283 875 1357; x_wconf 90' lang='lat' dir='ltr'><strong>lectio</strong></span> <span class='ocrx_word' id='word_1_78' title='bbox 901 1285 1009 1381; x_wconf 89' lang='lat' dir='ltr'><strong>magis</strong></span> <span class='ocrx_word' id='word_1_79' title='bbox 1035 1285 1247 1356; x_wconf 88' lang='lat' dir='ltr'>concinnam</span> <span class='ocrx_word' id='word_1_80' title='bbox 1265 1285 1374 1358; x_wconf 88' lang='lat' dir='ltr'><strong>faciat</strong></span> 
     </span>
     <span class='ocr_line' id='line_1_10' title="bbox 283 1391 1374 1492; baseline 0.003 -29"><span class='ocrx_word' id='word_1_81' title='bbox 283 1393 508 1484; x_wconf 88' lang='lat' dir='ltr'><strong>orationem,</strong></span> <span class='ocrx_word' id='word_1_82' title='bbox 525 1391 618 1464; x_wconf 88' lang='lat' dir='ltr'><strong>hanc</strong></span> <span class='ocrx_word' id='word_1_83' title='bbox 638 1418 702 1492; x_wconf 89' lang='lat' dir='ltr'><strong>ego</strong></span> <span class='ocrx_word' id='word_1_84' title='bbox 721 1393 852 1490; x_wconf 87' lang='lat' dir='ltr'><strong>recepi.</strong></span> <span class='ocrx_word' id='word_1_85' title='bbox 866 1393 946 1464; x_wconf 83' lang='lat' dir='ltr'><strong>Mox</strong></span> <span class='ocrx_word' id='word_1_86' title='bbox 960 1391 1045 1491; x_wconf 75' lang='grc' dir='ltr'>[ἅσσα</span> <span class='ocrx_word' id='word_1_87' title='bbox 1064 1395 1209 1487; x_wconf 78' lang='lat' dir='ltr'><strong>Sextus3</strong></span> <span class='ocrx_word' id='word_1_88' title='bbox 1228 1393 1374 1466; x_wconf 89' lang='lat' dir='ltr'><strong>Plutar-</strong></span> 
     </span>
     <span class='ocr_line' id='line_1_11' title="bbox 280 1497 1375 1597; baseline 0.001 -26"><span class='ocrx_word' id='word_1_89' title='bbox 280 1497 371 1572; x_wconf 88' lang='lat' dir='ltr'><strong>chus</strong></span> <span class='ocrx_word' id='word_1_90' title='bbox 396 1499 483 1569; x_wconf 75' lang='grc' dir='ltr'><strong>ὅσσα.</strong></span> <span class='ocrx_word' id='word_1_91' title='bbox 503 1541 552 1552; x_wconf 94' lang='grc'>-</span> <span class='ocrx_word' id='word_1_92' title='bbox 572 1497 630 1570; x_wconf 87' lang='lat' dir='ltr'><strong>Ad</strong></span> <span class='ocrx_word' id='word_1_93' title='bbox 654 1499 747 1571; x_wconf 89' lang='lat' dir='ltr'><strong>hanc</strong></span> <span class='ocrx_word' id='word_1_94' title='bbox 771 1500 986 1570; x_wconf 82' lang='lat' dir='ltr'><strong>sententiam</strong></span> <span class='ocrx_word' id='word_1_95' title='bbox 1012 1499 1204 1597; x_wconf 82' lang='lat' dir='ltr'><strong>respexisse</strong></span> <span class='ocrx_word' id='word_1_96' title='bbox 1229 1499 1375 1572; x_wconf 89' lang='lat' dir='ltr'><strong>Aristo-</strong></span> 
     </span>
     <span class='ocr_line' id='line_1_12' title="bbox 281 1604 1373 1702; baseline 0.003 -27"><span class='ocrx_word' id='word_1_97' title='bbox 281 1604 393 1679; x_wconf 84' lang='lat' dir='ltr'><strong>telem</strong></span> <span class='ocrx_word' id='word_1_98' title='bbox 408 1617 541 1702; x_wconf 85' lang='lat' dir='ltr'><strong>putant</strong></span> <span class='ocrx_word' id='word_1_99' title='bbox 553 1605 654 1677; x_wconf 71' lang='lat' dir='ltr'><strong>Pott.</strong></span> <span class='ocrx_word' id='word_1_100' title='bbox 674 1632 704 1678; x_wconf 93' lang='lat' dir='ltr'><strong>c.</strong></span> <span class='ocrx_word' id='word_1_101' title='bbox 721 1605 767 1676; x_wconf 88' lang='lat'><strong>25</strong></span> <span class='ocrx_word' id='word_1_102' title='bbox 784 1631 791 1677; x_wconf 92' lang='lat'><strong>:</strong></span> <span class='ocrx_word' id='word_1_103' title='bbox 812 1613 881 1684; x_wconf 79' lang='grc' dir='ltr'>ἴσως</span> <span class='ocrx_word' id='word_1_104' title='bbox 893 1614 952 1702; x_wconf 78' lang='grc' dir='ltr'><strong>γὰρ</strong></span> <span class='ocrx_word' id='word_1_105' title='bbox 963 1606 1027 1678; x_wconf 82' lang='grc' dir='ltr'>οὔτε</span> <span class='ocrx_word' id='word_1_106' title='bbox 1038 1609 1154 1694; x_wconf 84' lang='grc' dir='ltr'>βελτιον</span> <span class='ocrx_word' id='word_1_107' title='bbox 1170 1609 1241 1678; x_wconf 77' lang='grc' dir='ltr'>οὕτω</span> <span class='ocrx_word' id='word_1_108' title='bbox 1259 1611 1373 1702; x_wconf 72' lang='grc' dir='ltr'><strong>λέγειν,</strong></span> 
     </span>
     <span class='ocr_line' id='line_1_13' title="bbox 279 1707 1375 1814; baseline 0.002 -30"><span class='ocrx_word' id='word_1_109' title='bbox 279 1707 335 1784; x_wconf 75' lang='grc' dir='ltr'>οὔτ’</span> <span class='ocrx_word' id='word_1_110' title='bbox 361 1717 477 1796; x_wconf 61' lang='grc' dir='ltr'>ἀληθῆ·</span> <span class='ocrx_word' id='word_1_111' title='bbox 505 1707 568 1782; x_wconf 78' lang='grc' dir='ltr'>ἀλλ’</span> <span class='ocrx_word' id='word_1_112' title='bbox 593 1713 720 1807; x_wconf 80' lang='grc' dir='ltr'>ἔτυχεν,</span> <span class='ocrx_word' id='word_1_113' title='bbox 747 1713 845 1810; x_wconf 75' lang='grc' dir='ltr'><em>ὥσπερ</em></span> <span class='ocrx_word' id='word_1_114' title='bbox 870 1715 1050 1812; x_wconf 76' lang='grc' dir='ltr'>Ξενοφάνης,</span> <span class='ocrx_word' id='word_1_115' title='bbox 1070 1718 1099 1786; x_wconf 84' lang='grc' dir='ltr'><strong>ον’</strong></span> <span class='ocrx_word' id='word_1_116' title='bbox 1123 1733 1199 1814; x_wconf 77' lang='grc' dir='ltr'>σαφῆ</span> <span class='ocrx_word' id='word_1_117' title='bbox 1224 1717 1312 1808; x_wconf 73' lang='grc' dir='ltr'>τάδε;</span> <span class='ocrx_word' id='word_1_118' title='bbox 1328 1729 1375 1789; x_wconf 90' lang='lat' dir='ltr'><strong>ut</strong></span> 
     </span>
     <span class='ocr_line' id='line_1_14' title="bbox 279 1817 1373 1919; baseline 0.004 -29"><span class='ocrx_word' id='word_1_119' title='bbox 279 1817 367 1919; x_wconf 92' lang='lat' dir='ltr'><strong>legit</strong></span> <span class='ocrx_word' id='word_1_120' title='bbox 392 1819 646 1912; x_wconf 83' lang='lat' dir='ltr'><strong>Hermannus3</strong></span> <span class='ocrx_word' id='word_1_121' title='bbox 668 1819 730 1893; x_wconf 88' lang='lat' dir='ltr'><strong>sed</strong></span> <span class='ocrx_word' id='word_1_122' title='bbox 755 1819 860 1893; x_wconf 88' lang='lat' dir='ltr'><strong>lectio</strong></span> <span class='ocrx_word' id='word_1_123' title='bbox 882 1821 970 1894; x_wconf 90' lang='lat' dir='ltr'><strong>haec</strong></span> <span class='ocrx_word' id='word_1_124' title='bbox 997 1849 1071 1894; x_wconf 93' lang='lat' dir='ltr'><strong>non</strong></span> <span class='ocrx_word' id='word_1_125' title='bbox 1097 1833 1242 1896; x_wconf 89' lang='lat' dir='ltr'><strong>constat.</strong></span> <span class='ocrx_word' id='word_1_126' title='bbox 1271 1821 1373 1894; x_wconf 91' lang='lat' dir='ltr'><strong>Con-</strong></span> 
     </span>
     <span class='ocr_line' id='line_1_15' title="bbox 281 1926 1369 2027; baseline 0.001 -29"><span class='ocrx_word' id='word_1_127' title='bbox 281 1927 371 1998; x_wconf 88' lang='lat' dir='ltr'><strong>cinit</strong></span> <span class='ocrx_word' id='word_1_128' title='bbox 393 1953 478 2001; x_wconf 87' lang='lat' dir='ltr'><strong>vero</strong></span> <span class='ocrx_word' id='word_1_129' title='bbox 503 1953 588 2000; x_wconf 92' lang='lat' dir='ltr'><strong>cum</strong></span> <span class='ocrx_word' id='word_1_130' title='bbox 613 1927 668 1998; x_wconf 93' lang='lat' dir='ltr'><strong>his</strong></span> <span class='ocrx_word' id='word_1_131' title='bbox 692 1926 918 2027; x_wconf 90' lang='lat' dir='ltr'><strong>Empedoclis</strong></span> <span class='ocrx_word' id='word_1_132' title='bbox 942 1929 1118 2001; x_wconf 88' lang='lat' dir='ltr'><strong>sententia</strong></span> <span class='ocrx_word' id='word_1_133' title='bbox 1146 1928 1245 2026; x_wconf 87' lang='lat' dir='ltr'><strong>apud</strong></span> <span class='ocrx_word' id='word_1_134' title='bbox 1267 1929 1369 2002; x_wconf 85' lang='lat' dir='ltr'><strong>Sext.</strong></span> 
     </span>
     <span class='ocr_line' id='line_1_16' title="bbox 279 2031 534 2131; baseline -0.008 -27"><span class='ocrx_word' id='word_1_135' title='bbox 279 2031 534 2131; x_wconf 85' lang='lat' dir='ltr'><strong>Empiricum:</strong></span> 
     </span>
    </p>
   </div>
   <div class='ocr_carea' id='block_1_5' title="bbox 377 2207 1249 2524">
    <p class='ocr_par' dir='ltr' id='par_1_5' title="bbox 377 2207 1249 2524">
     <span class='ocr_line' id='line_1_17' title="bbox 695 2207 1169 2311; baseline 0.004 -29"><span class='ocrx_word' id='word_1_136' title='bbox 695 2218 727 2282; x_wconf 85' lang='grc' dir='ltr'><strong>τὸ</strong></span> <span class='ocrx_word' id='word_1_137' title='bbox 750 2207 872 2284; x_wconf 70' lang='lat' dir='ltr'><strong>dodiau</strong></span> <span class='ocrx_word' id='word_1_138' title='bbox 898 2219 1053 2305; x_wconf 83' lang='grc' dir='ltr'><em>ἐπεύχεται</em></span> <span class='ocrx_word' id='word_1_139' title='bbox 1078 2222 1169 2311; x_wconf 81' lang='grc' dir='ltr'>εὑρεῖν</span> 
     </span>
     <span class='ocr_line' id='line_1_18' title="bbox 380 2313 1249 2417; baseline 0.003 -26"><span class='ocrx_word' id='word_1_140' title='bbox 380 2322 489 2398; x_wconf 81' lang='grc' dir='ltr'>αὕτως·</span> <span class='ocrx_word' id='word_1_141' title='bbox 516 2313 573 2392; x_wconf 75' lang='grc' dir='ltr'><strong>οὔτ’</strong></span> <span class='ocrx_word' id='word_1_142' title='bbox 597 2320 751 2415; x_wconf 68' lang='grc' dir='ltr'><strong>ἐπιδερκτὰ</strong></span> <span class='ocrx_word' id='word_1_143' title='bbox 775 2313 838 2390; x_wconf 76' lang='grc' dir='ltr'>τάδ’</span> <span class='ocrx_word' id='word_1_144' title='bbox 860 2322 996 2417; x_wconf 75' lang='grc' dir='ltr'><strong>ἀνδράσιν</strong></span> <span class='ocrx_word' id='word_1_145' title='bbox 1020 2315 1076 2392; x_wconf 75' lang='grc' dir='ltr'>οὔτ’</span> <span class='ocrx_word' id='word_1_146' title='bbox 1104 2331 1249 2407; x_wconf 82' lang='grc' dir='ltr'><strong>ἐπακονςὰ</strong></span> 
     </span>
     <span class='ocr_line' id='line_1_19' title="bbox 377 2430 717 2524; baseline -0.009 -23"><span class='ocrx_word' id='word_1_147' title='bbox 377 2430 441 2501; x_wconf 73' lang='grc' dir='ltr'>οὔτε</span> <span class='ocrx_word' id='word_1_148' title='bbox 466 2432 717 2524; x_wconf 78' lang='grc' dir='ltr'><strong>νόῳτεριληπτεὶ.</strong></span> 
     </span>
    </p>
   </div>
   <div class='ocr_carea' id='block_1_6' title="bbox 281 2616 980 2716">
    <p class='ocr_par' dir='ltr' id='par_1_6' title="bbox 281 2616 980 2716">
     <span class='ocr_line' id='line_1_20' title="bbox 281 2616 980 2716; baseline -0.007 -22"><span class='ocrx_word' id='word_1_149' title='bbox 281 2621 361 2694; x_wconf 86' lang='lat' dir='ltr'><strong>Vid.</strong></span> <span class='ocrx_word' id='word_1_150' title='bbox 388 2621 506 2693; x_wconf 79' lang='lat' dir='ltr'><strong>Stura.</strong></span> <span class='ocrx_word' id='word_1_151' title='bbox 534 2620 574 2691; x_wconf 93' lang='lat' dir='ltr'><strong>in</strong></span> <span class='ocrx_word' id='word_1_152' title='bbox 601 2616 807 2716; x_wconf 88' lang='lat' dir='ltr'><strong>Empedocl.</strong></span> <span class='ocrx_word' id='word_1_153' title='bbox 834 2644 869 2716; x_wconf 94' lang='lat' dir='ltr'><strong>p.</strong></span> <span class='ocrx_word' id='word_1_154' title='bbox 896 2618 980 2710; x_wconf 69' lang='lat'><strong>488.</strong></span> 
     </span>
    </p>
   </div>
   <div class='ocr_carea' id='block_1_7' title="bbox 330 2806 1369 2912">
    <p class='ocr_par' dir='ltr' id='par_1_7' title="bbox 330 2806 1369 2912">
     <span class='ocr_line' id='line_1_21' title="bbox 330 2806 1369 2912; baseline 0.001 -26"><span class='ocrx_word' id='word_1_155' title='bbox 330 2837 379 2886; x_wconf 88' lang='lat' dir='ltr'><strong>vs.</strong></span> <span class='ocrx_word' id='word_1_156' title='bbox 395 2809 428 2884; x_wconf 84' lang='lat'><strong>3.</strong></span> <span class='ocrx_word' id='word_1_157' title='bbox 444 2819 469 2881; x_wconf 85' lang='grc' dir='ltr'><strong>εἰ</strong></span> <span class='ocrx_word' id='word_1_158' title='bbox 480 2817 540 2908; x_wconf 74' lang='grc' dir='ltr'><strong>γὰρ</strong></span> <span class='ocrx_word' id='word_1_159' title='bbox 552 2817 648 2882; x_wconf 75' lang='grc' dir='ltr'>καὶτὰ</span> <span class='ocrx_word' id='word_1_160' title='bbox 659 2813 786 2902; x_wconf 77' lang='grc' dir='ltr'><strong>μάλιςα.</strong></span> <span class='ocrx_word' id='word_1_161' title='bbox 807 2807 918 2906; x_wconf 87' lang='lat' dir='ltr'><strong>Apud</strong></span> <span class='ocrx_word' id='word_1_162' title='bbox 930 2806 1117 2883; x_wconf 86' lang='lat' dir='ltr'><strong>Galenum</strong></span> <span class='ocrx_word' id='word_1_163' title='bbox 1129 2811 1177 2885; x_wconf 87' lang='lat' dir='ltr'><strong>sic</strong></span> <span class='ocrx_word' id='word_1_164' title='bbox 1200 2810 1339 2912; x_wconf 88' lang='lat' dir='ltr'><strong>legitur</strong></span> <span class='ocrx_word' id='word_1_165' title='bbox 1360 2843 1369 2887; x_wconf 76' lang='grc' dir='ltr'><em>ι</em></span> 
     </span>
    </p>
   </div>
   <div class='ocr_carea' id='block_1_8' title="bbox 379 3011 1247 3214">
    <p class='ocr_par' dir='ltr' id='par_1_8' title="bbox 379 3011 1247 3214">
     <span class='ocr_line' id='line_1_22' title="bbox 380 3011 1215 3110; baseline 0.001 -27"><span class='ocrx_word' id='word_1_166' title='bbox 380 3012 415 3093; x_wconf 77' lang='grc' dir='ltr'><strong>ἢν</strong></span> <span class='ocrx_word' id='word_1_167' title='bbox 438 3022 497 3110; x_wconf 76' lang='grc' dir='ltr'><strong>γὰρ</strong></span> <span class='ocrx_word' id='word_1_168' title='bbox 521 3018 631 3082; x_wconf 77' lang='grc' dir='ltr'>καὶτὰ</span> <span class='ocrx_word' id='word_1_169' title='bbox 655 3021 765 3108; x_wconf 78' lang='grc' dir='ltr'><em>μέγιςα</em></span> <span class='ocrx_word' id='word_1_170' title='bbox 790 3011 865 3103; x_wconf 73' lang='grc' dir='ltr'>τύχῃ</span> <span class='ocrx_word' id='word_1_171' title='bbox 890 3015 1104 3105; x_wconf 82' lang='grc' dir='ltr'>τετελεσμένα,</span> <span class='ocrx_word' id='word_1_172' title='bbox 1130 3021 1215 3086; x_wconf 81' lang='grc' dir='ltr'>εἰπὼν</span> 
     </span>
     <span class='ocr_line' id='line_1_23' title="bbox 379 3115 1247 3214; baseline 0.001 -23"><span class='ocrx_word' id='word_1_173' title='bbox 379 3125 483 3210; x_wconf 80' lang='grc' dir='ltr'>αὐτὸς,</span> <span class='ocrx_word' id='word_1_174' title='bbox 522 3121 598 3214; x_wconf 66' lang='grc' dir='ltr'>ὅμως</span> <span class='ocrx_word' id='word_1_175' title='bbox 622 3125 670 3192; x_wconf 76' lang='grc' dir='ltr'><strong>νύν</strong></span> <span class='ocrx_word' id='word_1_176' title='bbox 694 3115 761 3190; x_wconf 80' lang='grc' dir='ltr'>οἶδε·</span> <span class='ocrx_word' id='word_1_177' title='bbox 788 3120 867 3197; x_wconf 77' lang='grc' dir='ltr'>δόντες</span> <span class='ocrx_word' id='word_1_178' title='bbox 895 3115 923 3188; x_wconf 82' lang='grc' dir='ltr'><strong>δ’</strong></span> <span class='ocrx_word' id='word_1_179' title='bbox 939 3125 985 3190; x_wconf 80' lang='grc' dir='ltr'><strong>ἐπὶ</strong></span> <span class='ocrx_word' id='word_1_180' title='bbox 1009 3138 1079 3192; x_wconf 82' lang='grc' dir='ltr'><em>πᾶσι</em></span> <span class='ocrx_word' id='word_1_181' title='bbox 1105 3131 1247 3192; x_wconf 85' lang='grc' dir='ltr'><strong>τέτυκται.</strong></span> 
     </span>
    </p>
   </div>
   <div class='ocr_carea' id='block_1_9' title="bbox 276 3318 1374 4169">
    <p class='ocr_par' dir='ltr' id='par_1_9' title="bbox 276 3318 1374 4169">
     <span class='ocr_line' id='line_1_24' title="bbox 279 3318 1374 3424; baseline 0 -24"><span class='ocrx_word' id='word_1_182' title='bbox 279 3327 397 3401; x_wconf 86' lang='lat' dir='ltr'><strong>Etiam</strong></span> <span class='ocrx_word' id='word_1_183' title='bbox 432 3323 604 3422; x_wconf 84' lang='lat' dir='ltr'><strong>Origenes</strong></span> <span class='ocrx_word' id='word_1_184' title='bbox 638 3344 702 3419; x_wconf 90' lang='lat' dir='ltr'><strong>pro</strong></span> <span class='ocrx_word' id='word_1_185' title='bbox 735 3326 816 3412; x_wconf 76' lang='grc' dir='ltr'><em>τύχοι</em></span> <span class='ocrx_word' id='word_1_186' title='bbox 849 3318 958 3393; x_wconf 91' lang='lat' dir='ltr'><strong>habet</strong></span> <span class='ocrx_word' id='word_1_187' title='bbox 983 3328 1080 3414; x_wconf 51' lang='grc' dir='ltr'><strong>τύχῃ</strong></span> <span class='ocrx_word' id='word_1_188' title='bbox 1106 3321 1168 3396; x_wconf 88' lang='lat' dir='ltr'><strong>sed</strong></span> <span class='ocrx_word' id='word_1_189' title='bbox 1190 3333 1227 3397; x_wconf 75' lang='grc' dir='ltr'><strong>τὰ</strong></span> <span class='ocrx_word' id='word_1_190' title='bbox 1251 3337 1374 3424; x_wconf 76' lang='grc' dir='ltr'><em>μέγιςα</em></span> 
     </span>
     <span class='ocr_line' id='line_1_25' title="bbox 276 3423 1371 3529; baseline -0.004 -21"><span class='ocrx_word' id='word_1_191' title='bbox 276 3445 377 3508; x_wconf 87' lang='lat' dir='ltr'><strong>certe</strong></span> <span class='ocrx_word' id='word_1_192' title='bbox 402 3431 571 3506; x_wconf 84' lang='lat' dir='ltr'><strong>vitiosum</strong></span> <span class='ocrx_word' id='word_1_193' title='bbox 597 3438 673 3516; x_wconf 88' lang='lat' dir='ltr'><strong>est,</strong></span> <span class='ocrx_word' id='word_1_194' title='bbox 703 3449 824 3524; x_wconf 90' lang='lat' dir='ltr'><strong>neque</strong></span> <span class='ocrx_word' id='word_1_195' title='bbox 853 3423 985 3500; x_wconf 88' lang='lat' dir='ltr'><strong>Galeni</strong></span> <span class='ocrx_word' id='word_1_196' title='bbox 998 3428 1254 3529; x_wconf 83' lang='lat' dir='ltr'><strong>interpunctio</strong></span> <span class='ocrx_word' id='word_1_197' title='bbox 1279 3435 1371 3510; x_wconf 88' lang='lat' dir='ltr'><strong>vul-</strong></span> 
     </span>
     <span class='ocr_line' id='line_1_26' title="bbox 279 3531 1373 3639; baseline 0.005 -28"><span class='ocrx_word' id='word_1_198' title='bbox 279 3553 381 3639; x_wconf 82' lang='lat' dir='ltr'><strong>gatae</strong></span> <span class='ocrx_word' id='word_1_199' title='bbox 399 3531 660 3633; x_wconf 89' lang='lat' dir='ltr'><strong>anteponenda.</strong></span> <span class='ocrx_word' id='word_1_200' title='bbox 687 3574 736 3585; x_wconf 92' lang='lat'>-</span> <span class='ocrx_word' id='word_1_201' title='bbox 760 3539 797 3629; x_wconf 78' lang='lat' dir='ltr'><strong>rot</strong></span> <span class='ocrx_word' id='word_1_202' title='bbox 811 3536 927 3625; x_wconf 80' lang='grc' dir='ltr'><strong>μάλιςα</strong></span> <span class='ocrx_word' id='word_1_203' title='bbox 942 3557 1006 3632; x_wconf 89' lang='lat' dir='ltr'><strong>pro</strong></span> <span class='ocrx_word' id='word_1_204' title='bbox 1022 3535 1189 3611; x_wconf 90' lang='lat' dir='ltr'><strong>adverbio</strong></span> <span class='ocrx_word' id='word_1_205' title='bbox 1202 3541 1373 3634; x_wconf 84' lang='lat' dir='ltr'><strong>positum</strong></span> 
     </span>
     <span class='ocr_line' id='line_1_27' title="bbox 279 3640 1371 3741; baseline -0.013 -21"><span class='ocrx_word' id='word_1_206' title='bbox 279 3660 333 3720; x_wconf 87' lang='lat' dir='ltr'><strong>est</strong></span> <span class='ocrx_word' id='word_1_207' title='bbox 349 3658 393 3718; x_wconf 85' lang='lat' dir='ltr'><strong>ut</strong></span> <span class='ocrx_word' id='word_1_208' title='bbox 412 3640 564 3741; x_wconf 82' lang='lat' dir='ltr'><strong>simplex</strong></span> <span class='ocrx_word' id='word_1_209' title='bbox 585 3643 709 3731; x_wconf 83' lang='grc' dir='ltr'><strong>μάλιςα.</strong></span> <span class='ocrx_word' id='word_1_210' title='bbox 735 3680 784 3694; x_wconf 89' lang='grc'><strong>--</strong></span> <span class='ocrx_word' id='word_1_211' title='bbox 808 3640 1006 3733; x_wconf 77' lang='grc' dir='ltr'>τετελεσμένον</span> <span class='ocrx_word' id='word_1_212' title='bbox 1024 3642 1371 3722; x_wconf 82' lang='lat' dir='ltr'><strong>verbum&#39;Homeri.</strong></span> 
     </span>
     <span class='ocr_line' id='line_1_28' title="bbox 281 3747 1373 3850; baseline 0.002 -23"><span class='ocrx_word' id='word_1_213' title='bbox 281 3779 394 3827; x_wconf 90' lang='lat' dir='ltr'><strong>cum:</strong></span> <span class='ocrx_word' id='word_1_214' title='bbox 423 3750 494 3826; x_wconf 89' lang='lat' dir='ltr'><strong>vid.</strong></span> <span class='ocrx_word' id='word_1_215' title='bbox 522 3747 565 3820; x_wconf 95' lang='lat' dir='ltr'><strong>ll.</strong></span> <span class='ocrx_word' id='word_1_216' title='bbox 592 3779 624 3818; x_wconf 89' lang='grc' dir='ltr'><strong>α.</strong></span> <span class='ocrx_word' id='word_1_217' title='bbox 653 3773 749 3841; x_wconf 83' lang='lat'>212,</span> <span class='ocrx_word' id='word_1_218' title='bbox 780 3751 809 3833; x_wconf 83' lang='grc' dir='ltr'><strong>ξ.</strong></span> <span class='ocrx_word' id='word_1_219' title='bbox 842 3749 921 3846; x_wconf 89' lang='lat'>195.</span> <span class='ocrx_word' id='word_1_220' title='bbox 954 3749 1020 3822; x_wconf 91' lang='lat' dir='ltr'><strong>Od.</strong></span> <span class='ocrx_word' id='word_1_221' title='bbox 1050 3779 1074 3821; x_wconf 86' lang='grc' dir='ltr'><strong>ι.</strong></span> <span class='ocrx_word' id='word_1_222' title='bbox 1100 3775 1161 3847; x_wconf 88' lang='lat'><strong>90.</strong></span> <span class='ocrx_word' id='word_1_223' title='bbox 1175 3751 1373 3850; x_wconf 78' lang='lat' dir='ltr'><strong>Apollonii</strong></span> 
     </span>
     <span class='ocr_line' id='line_1_29' title="bbox 279 3852 1371 3959; baseline 0.006 -31"><span class='ocrx_word' id='word_1_224' title='bbox 279 3859 363 3931; x_wconf 88' lang='lat' dir='ltr'><strong>Lex.</strong></span> <span class='ocrx_word' id='word_1_225' title='bbox 385 3883 420 3954; x_wconf 93' lang='lat' dir='ltr'><strong>p.</strong></span> <span class='ocrx_word' id='word_1_226' title='bbox 439 3853 524 3949; x_wconf 74' lang='lat'><strong>643.</strong></span> <span class='ocrx_word' id='word_1_227' title='bbox 545 3854 602 3930; x_wconf 94' lang='lat' dir='ltr'><strong>ed.</strong></span> <span class='ocrx_word' id='word_1_228' title='bbox 619 3852 733 3926; x_wconf 83' lang='lat' dir='ltr'><strong>Tullii.</strong></span> <span class='ocrx_word' id='word_1_229' title='bbox 758 3853 942 3928; x_wconf 89' lang='lat' dir='ltr'><strong>Sententia</strong></span> <span class='ocrx_word' id='word_1_230' title='bbox 958 3855 1046 3927; x_wconf 86' lang='lat' dir='ltr'><strong>haec</strong></span> <span class='ocrx_word' id='word_1_231' title='bbox 1063 3855 1239 3931; x_wconf 89' lang='lat' dir='ltr'><strong>celebrata</strong></span> <span class='ocrx_word' id='word_1_232' title='bbox 1257 3887 1371 3959; x_wconf 89' lang='lat' dir='ltr'><strong>prae-</strong></span> 
     </span>
     <span class='ocr_line' id='line_1_30' title="bbox 279 3961 1372 4058; baseline 0.008 -23"><span class='ocrx_word' id='word_1_233' title='bbox 279 3965 404 4036; x_wconf 87' lang='lat' dir='ltr'><strong>sertim</strong></span> <span class='ocrx_word' id='word_1_234' title='bbox 432 3975 485 4035; x_wconf 88' lang='lat' dir='ltr'><strong>est</strong></span> <span class='ocrx_word' id='word_1_235' title='bbox 509 3987 529 4032; x_wconf 90' lang='lat' dir='ltr'><strong>a</strong></span> <span class='ocrx_word' id='word_1_236' title='bbox 553 3961 722 4058; x_wconf 90' lang='lat' dir='ltr'><strong>Scepticis</strong></span> <span class='ocrx_word' id='word_1_237' title='bbox 734 4013 745 4052; x_wconf 94' lang='lat'>,</span> <span class='ocrx_word' id='word_1_238' title='bbox 780 3985 937 4058; x_wconf 89' lang='lat' dir='ltr'><strong>quorum</strong></span> <span class='ocrx_word' id='word_1_239' title='bbox 961 3961 1054 4034; x_wconf 89' lang='lat' dir='ltr'><strong>dicta</strong></span> <span class='ocrx_word' id='word_1_240' title='bbox 1080 3961 1204 4036; x_wconf 88' lang='lat' dir='ltr'><strong>laudat</strong></span> <span class='ocrx_word' id='word_1_241' title='bbox 1229 3968 1372 4045; x_wconf 87' lang='lat' dir='ltr'><strong>Sextus</strong></span> 
     </span>
     <span class='ocr_line' id='line_1_31' title="bbox 278 4066 1365 4169; baseline 0.006 -25"><span class='ocrx_word' id='word_1_242' title='bbox 278 4069 502 4169; x_wconf 65' lang='lat' dir='ltr'><strong>Emptlu,</strong></span> <span class='ocrx_word' id='word_1_243' title='bbox 521 4066 605 4161; x_wconf 86' lang='lat'><strong>325,</strong></span> <span class='ocrx_word' id='word_1_244' title='bbox 618 4069 692 4146; x_wconf 83' lang='lat' dir='ltr'><strong>vim</strong></span> <span class='ocrx_word' id='word_1_245' title='bbox 712 4067 824 4162; x_wconf 89' lang='lat' dir='ltr'><strong>hujus</strong></span> <span class='ocrx_word' id='word_1_246' title='bbox 836 4067 958 4167; x_wconf 85' lang='lat' dir='ltr'><strong>placiti</strong></span> <span class='ocrx_word' id='word_1_247' title='bbox 971 4073 1111 4169; x_wconf 83' lang='lat' dir='ltr'><strong>egregie</strong></span> <span class='ocrx_word' id='word_1_248' title='bbox 1124 4069 1365 4150; x_wconf 83' lang='lat' dir='ltr'><strong>illustrantia.</strong></span> 
     </span>
    </p>
   </div>
   <div class='ocr_carea' id='block_1_10' title="bbox 0 0 1440 4824">
    <p class='ocr_par' dir='ltr' id='par_1_10' title="bbox 0 0 1440 4824">
     <span class='ocr_line' id='line_1_32' title="bbox 0 0 1440 4824; baseline 0 2"><span class='ocrx_word' id='word_1_249' title='bbox 0 0 1440 4824; x_wconf 95' lang='lat' dir='ltr'><strong> </strong></span> 
     </span>
    </p>
   </div>
  </div>
 </body>
</html>
