2924 4820
295 304 357 370 186
699 327 737 368 nn
762 326 954 369 xnnornffls

286 481 346 574 jus
381 489 564 552 auctorem
597 477 805 575 praesertim
837 477 1094 576 Xenophanem
1124 478 1231 552 fuisse
1261 491 1356 553 vete·

288 609 345 658 res
372 597 562 658 testantur.
591 585 707 682 Ipsius
733 597 921 660 servantur
941 610 1086 677 versus,
1111 585 1245 684 quibua
1270 585 1356 660 banc

288 695 502 767 sententiam
532 693 688 792 prodidit
722 721 730 766 ε
772 720 793 765 e
825 692 1110 791 Quaecumque,
1147 694 1288 791 inquit,
1315 695 1356 768 de

287 827 310 874 n
337 801 411 872 Diis
428 813 575 900 totoque
602 801 739 876 mundo
757 829 778 874 a
796 827 854 875 me
875 802 1093 890 dictasunt,
1115 801 1160 874 de
1185 799 1240 873 his
1257 827 1356 874 nemo

287 939 307 977 »
336 934 501 1006 unquam
528 921 669 982 certum
702 910 809 1002 sciat3
843 935 883 981 ac
910 908 994 984 licet
1019 910 1127 982 etiam
1150 934 1278 984 verum
1305 935 1355 980 aa·

286 1041 309 1086 n
334 1029 531 1113 aequatur,
559 1017 679 1114 ipsum
714 1027 836 1090 tamen
861 1016 928 1089 hoc
968 1018 1104 1108 nescit3
1139 1041 1298 1112 namque
1320 1017 1356 1087 in

285 1146 307 1194 »
334 1123 501 1196 omnibus
532 1122 639 1196 rebus
669 1123 860 1220 opinamur
887 1135 1031 1196 tantum
1064 1150 1072 1194 :
1100 1125 1179 1201 δάκος
1212 1128 1258 1194 ἐπὶ
1290 1139 1356 1193 πᾶσι

171 1262 178 1276 ·
283 1259 303 1296 n
331 1238 463 1300 τέτυκται
479 1259 498 1296 »
517 1225 540 1298 ⁵.
552 1229 628 1301 Hoc
644 1227 779 1301 dictum
792 1227 899 1302 multi
912 1243 1077 1304 veterum
1093 1239 1355 1318 memorarunt,

284 1359 428 1407 censum
458 1335 557 1410 varie
587 1335 812 1432 interpretati
844 1348 930 1410 sunt
961 1363 969 1408 ε
1000 1335 1062 1408 alii
1094 1335 1140 1407 ad
1169 1359 1225 1408 rea
1253 1333 1356 1406 fluxas

285 1465 379 1539 quae
415 1440 576 1514 sensibus
603 1442 883 1539 percipiuntur,
916 1441 977 1514 alii
1008 1442 1054 1515 ad
1079 1465 1224 1514 omnem
1250 1439 1356 1510 omnia

156 1561 161 1572 '
285 1559 436 1619 naturae
461 1548 699 1645 cognitionem
720 1549 849 1621 dicunt
873 1551 1071 1647 pertinere,
1092 1546 1153 1620 alii
1172 1548 1211 1618 in
1228 1570 1269 1620 eo
1290 1545 1356 1616 du-

284 1650 465 1734 bitationis
482 1653 690 1728 modestiam
713 1653 886 1747 laudant,
913 1653 974 1726 alii
1000 1655 1202 1753 principem
1229 1651 1357 1724 faciunt

283 1759 530 1856 seepticorum.
559 1760 666 1854 Quod
695 1773 740 1835 ut
765 1762 972 1856 judicetur,
1001 1763 1112 1860 ipsius
1148 1759 1257 1836 verba
1285 1755 1356 1830 dili-

282 1866 426 1963 gentius
457 1865 670 1940 declaranda
705 1881 801 1941 aunt.
830 1867 929 1941 Nihil
958 1869 1008 1940 ait
1035 1867 1268 1940 manifestum
1290 1886 1356 1936 esse

283 1978 355 2068 ἀμφὶ
379 1977 458 2042 θεῶν
481 2000 513 2041 τε
541 1979 591 2042 καὶ
611 1973 691 2046 ἄσσα
715 1979 792 2070 λέγω
815 1981 879 2072 περὶ
902 1987 1039 2064 odoror,
1063 1973 1153 2046 Deos
1180 1971 1267 2045 dicit
1290 1993 1354 2040 non

282 2103 327 2151 ex
352 2103 416 2152 sua
443 2081 619 2152 sententia
639 2082 750 2178 (nam
764 2107 883 2154 unum
900 2081 1004 2152 modo
1018 2080 1199 2154 statuebat
1220 2077 1354 2172 Deum)

182 2229 187 2242 -
281 2181 343 2255 aed
368 2208 413 2255 ex
439 2183 581 2282 vulgari
608 2188 800 2284 opinione3
826 2195 864 2258 nt
887 2198 984 2258 πάντα
1010 2187 1215 2260 universam
1241 2207 1354 2256 rerum

281 2299 450 2360 naturam
475 2291 684 2389 significant.
712 2294 808 2366 Haec
837 2291 946 2390 vulgo
973 2305 1047 2364 tam
1071 2319 1091 2364 a
1113 2293 1228 2390 poetis
1251 2312 1351 2388 quam

281 2393 432 2492 physicis
452 2395 750 2489 celebrabantur,
776 2399 842 2497 qui
864 2399 956 2474 Deos
984 2411 1022 2472 et
1046 2425 1169 2472 rerum
1193 2408 1349 2469 naturam

280 2525 346 2572 suo
376 2503 529 2600 quiaque
556 2504 663 2578 modo
690 2505 901 2604 fingebant,
928 2517 966 2578 et
991 2504 1117 2605 quales
1144 2505 1213 2603 ipsi
1235 2500 1349 2574 firmis-

280 2619 386 2698 sent,
416 2607 504 2682 tales
533 2636 607 2684 csse
635 2611 867 2686 affirmabant.
894 2614 964 2685 lsta
993 2625 1117 2685 autem
1145 2612 1349 2710 opinionum

281 2715 430 2787 varietas
455 2728 492 2788 et
514 2716 658 2792 licentia
686 2720 897 2817 Xenophani
923 2719 1068 2796 videtur
1094 2719 1185 2792 hanc
1212 2715 1348 2791 dubita-

280 2819 415 2893 tionem
449 2821 567 2896 seciase
602 2849 673 2922 qua
698 2826 903 2920 judicaret,
936 2851 1190 2925 quaecumque
1219 2825 1263 2898 de
1297 2819 1345 2892 his

280 2927 557 3025 praedicentur,
583 2931 730 3006 obscura
754 2961 827 3008 esec
848 2947 885 3008 et
908 2935 1066 3026 incerta,
1085 2955 1282 3031 eorumque
1299 2929 1347 2998 in·

279 3049 440 3134 creparet
458 3041 693 3136 arrogantiam
713 3043 777 3138 qui
796 3067 833 3115 ae
850 3042 937 3116 haec
954 3043 1042 3116 scire
1061 3041 1310 3139 profiterentur
1326 3029 1345 3096 ⁶.

319 3342 363 3419 (5)
387 3340 451 3404 Vid.
473 3345 573 3424 fragm.
596 3345 690 3421 XIV,
711 3368 793 3429 supra
815 3371 844 3430 p.
862 3349 911 3410 51.

320 3479 366 3559 (6)
386 3479 429 3540 Ad
450 3480 525 3541 bunc
546 3483 637 3542 locum
654 3485 792 3565 pertinere
810 3486 943 3546 videntur
963 3485 1018 3547 duo
1033 3486 1189 3547 Aristotelis
1202 3485 1271 3548 loci,
1286 3495 1349 3554 ‘1¹¹⁰'

238 3571 244 3578 '
281 3591 341 3629 rum
362 3573 505 3650 utriusque
526 3593 584 3632 non
605 3573 672 3633 satis
691 3574 829 3655 explicata
854 3588 896 3635 est
912 3575 1060 3636 sententia.
1080 3576 1210 3635 Alterest
1229 3563 1346 3645 Motaph·

279 3659 321 3718 ΙΙΙ
335 3705 343 3734 ,
372 3659 400 3721 5.
426 3683 454 3742 p.
478 3660 539 3743 672
566 3666 598 3723 Δ.
624 3663 672 3724 ubi
696 3667 917 3725 commemoratis
940 3667 974 3724 iis
1002 3677 1128 3724 veterum
1152 3664 1198 3742 qui
1224 3655 1348 3721 occultam

280 3769 373 3810 rerum
385 3753 554 3828 veritatem,
573 3773 669 3814 semus
688 3754 800 3815 fallaces
820 3757 1032 3830 existimarent,
1051 3753 1158 3816 accedit
1178 3751 1304 3828 deinceps
1318 3737 1349 3799 td

281 3860 328 3900 eoa
350 3843 398 3919 qui
426 3844 571 3906 veritatem
592 3847 706 3906 omnino
731 3845 870 3906 tollerent.
899 3847 1060 3928 Superiores
1080 3846 1137 3920 illi,
1159 3845 1267 3922 inquit,
1289 3833 1349 3896 ‘5¹⁶²

279 3955 331 3992 wc
361 3931 411 4008 pir
440 3933 567 4008 λέγουσιν
583 3981 592 4010 ,
621 3939 667 3998 cic
691 3940 791 4004 α’ληθῆ
816 3934 853 3998 di
882 3938 1022 4010 Aiyaoctr·
1053 3932 1119 3997 cire
1146 3934 1198 4018 wlf
1226 3929 1346 4016 aippicru

279 4033 388 4104 (ἄλλον
425 4027 506 4088 timii
536 4026 553 4096 ‘i
587 4024 677 4110 alno
708 4025 877 4110 Ἐπίχαρμος
905 4025 924 4096 ri
952 4027 1106 4104 Ευοφᾶιησ.
1133 4023 1173 4088 iu
1202 4024 1238 4086 dl
1264 4029 1346 4081 rem
