2870 4824
277 286 324 352 60
721 305 910 350 xrrornarrs

275 471 391 532 notem
415 457 574 532 certandi
609 468 704 530 ortes
729 469 894 553 tunquam
933 458 1080 527 inutiles
1105 465 1141 526 et
1163 479 1272 525 conor
1301 461 1365 527 σε’-

277 579 455 662 ruperam.
479 565 581 638 Idem
599 563 781 663 Euripidis
805 587 951 662 quoque
976 585 1097 638 versus
1118 558 1243 635 laudat
1266 587 1365 659 quo-

275 697 361 746 rum
386 672 511 746 eadem
534 683 587 746 est
609 671 803 762 sententia,
830 668 1114 766 eXenophane,
1140 679 1184 739 ut
1207 667 1363 742 arbitra-

275 791 362 871 tur,
389 804 550 877 expressa
576 805 584 850 :
609 768 688 849 ταῦτ’
707 781 822 876 εἴληφεν
846 787 861 846 ό
884 777 1039 872 Εὐριπιδης
1059 783 1094 846 ἐκ
1119 793 1176 846 τῶν
1200 789 1245 847 τοῦ
1264 781 1363 852 Κολο-

275 895 372 983 φωνιόν
395 891 528 982 ελεγείων
555 887 722 984 Ξενοφάνους
746 885 833 963 οὕτως
854 893 1012 979 εἰρηκότος·

370 1086 450 1162 Ἀλλ’
469 1073 494 1162 εί
518 1097 571 1186 μὲν
595 1109 735 1186 ταχυτῆτι
758 1094 849 1164 ποδῶν
874 1101 956 1174 νίκην
975 1117 1017 1169 τις
1040 1091 1158 1187 όίροιτσ,

470 1199 489 1281 ἢ
518 1205 750 1287 πενταθλεύων,
776 1199 855 1269 ἔνθα
884 1203 950 1278 Διός
973 1205 1087 1291 τέμενος

373 1313 433 1402 πὰρ
458 1311 554 1376 Πίσαο
581 1305 645 1402 ῥοῇς
669 1315 699 1378 ἐν
723 1301 895 1399 Ὀλυμπίῃ,
921 1314 977 1374 εἴτε
999 1309 1156 1392 παλαίων,

470 1410 489 1494 ἢ
513 1421 564 1484 καί
584 1420 756 1495 πυκτοσύνην
778 1417 968 1508 ἀλγινόεσσαν
991 1412 1093 1505 ἔχων,

278 1517 300 1590 5
375 1527 430 1588 ε’ίτε
456 1525 486 1590 τό
503 1523 593 1591 δεινόν
617 1522 728 1592 ἄεθλον
754 1523 770 1592 ‘o'
793 1532 971 1618 παγκράτιον
999 1520 1169 1608 καλέσασιν,

376 1711 380 1718 ¹
472 1635 582 1711 όιςοῖσιν
604 1622 630 1696 κ’
657 1637 698 1709 εἴη
727 1629 889 1724 κυδρότερος
920 1645 1083 1724 προςοριῖν,

372 1742 427 1802 καί
449 1761 482 1801 κε
506 1735 654 1831 προεδρίην
685 1744 808 1833 φανερὴν
831 1743 861 1806 ἐν
891 1745 999 1829 ἀγῶσιν
1023 1734 1146 1830 ἄροιτο,

472 1849 527 1908 καί
548 1869 597 1910 κεν
622 1834 676 1912 σῖτ’
701 1849 743 1922 εἵη
769 1841 911 1933 όημοσίων
937 1852 1065 1910 κτεάνων

372 1951 406 2014 ἐκ
430 1949 540 2023 πόλεως
563 1953 615 2015 καί
643 1948 731 2042 δῶρον
754 1949 770 2015 ό
794 1956 817 2016 σί
844 1950 987 2037 κειμήλιον
1018 1955 1079 2026 εἴη·

279 2074 323 2123 10
471 2059 527 2118 ε’ίτε
558 2059 609 2120 καὶ
631 2059 777 2138 ἵπποισιν,
804 2061 895 2120 ταῦτα
924 2045 954 2142 χ’
977 2047 1095 2122 ἅπαντα
1119 2053 1233 2144 λάχοι,

371 2149 426 2226 σῦκ’
448 2162 501 2226 ε’ὼν
530 2156 610 2241 ι’ίξιος
633 2155 730 2253 ὥσπερ
759 2163 830 2253 ἐγὼ·
856 2155 956 2254 ῥώμης
981 2167 1040 2256 γὰρ
1061 2159 1186 2251 ἀμείνων

471 2263 580 2360 ἀνδρῶν
606 2258 652 2344 ἠδ’
672 2271 766 2335 ’ίπτιων
788 2271 911 2359 ἡμετέρη
940 2265 1031 2361 σοφίη.

371 2363 436 2442 ἀλλ’
463 2379 525 2454 εἰκῆ
552 2374 636 2464 μάλα
660 2383 736 2441 τοῦτο
758 2371 926 2464 νομίζεται,
954 2371 1015 2440 ridi
1041 2371 1148 2443 δίκαιον

424 2492 427 2498 ’
469 2489 626 2576 προκρίνειν
647 2477 748 2576 ῥώμην
774 2498 823 2562 τῆς
850 2486 970 2575 ἀγαθῆς
998 2491 1101 2578 σοφίης.

275 2769 361 2832 ΧΙΧ.
381 2769 412 2831 Si
431 2790 500 2832 vero
521 2781 569 2830 ant
587 2767 690 2853 pedum
708 2769 857 2834 velocitate
876 2771 1023 2833 victoriam
1042 2770 1104 2850 quis
1124 2779 1308 2849 consequatur

377 2874 425 2922 aut
444 2864 643 2942 quinquertio,
665 2861 740 2945 apud
759 2863 837 2926 Jovis
857 2861 952 2922 lucum

378 2951 413 3013 ad
432 2953 510 3012 Pisae
529 2951 619 3013 undas
640 2953 805 3035 Olympiae,
827 2955 886 3014 sire
909 2955 992 3013 etiam
1011 2951 1163 3029 luctando,

374 3063 422 3104 reu
442 3043 544 3124 durum
562 3043 718 3105 exercendo
738 3044 901 3126 pugillatum

274 3181 279 3192 .
374 3153 422 3193 sen
443 3153 527 3213 grave
546 3132 617 3194 iliud
635 3146 775 3194 certamen
795 3135 959 3216 pancration
979 3133 1055 3214 quod
1074 3146 1193 3210 vocant,

379 3227 404 3285 is
423 3225 492 3286 solet
513 3223 590 3307 apud
607 3225 682 3286 cives
702 3247 766 3287 suos
783 3225 918 3309 adspectu
938 3248 997 3287 csse
1016 3227 1199 3301 honoratior,

374 3328 403 3376 et
419 3318 651 3397 praestantiorem
669 3314 763 3378 sedern
783 3317 814 3376 in
842 3318 1027 3378 certaminum
1050 3316 1215 3400 spectaculis
1234 3315 1360 3391 obtinet,

375 3417 403 3466 et
423 3405 536 3487 publico
555 3405 678 3466 civitatis
699 3417 792 3464 sumtu
818 3406 901 3466 alitur

375 3508 403 3554 ct
422 3496 543 3556 donatur
561 3515 676 3555 munere
696 3493 771 3574 quod
790 3496 816 3554 ci
836 3497 872 3554 sit
891 3495 1005 3557 honoris
1025 3507 1258 3572 monumentum

276 3605 311 3644 ro
370 3605 418 3645 seu
439 3584 559 3664 denique
583 3605 667 3646 curru
691 3586 838 3649 victoriam
863 3597 1005 3668 reportet,
1029 3599 1130 3647 cuncta
1154 3584 1222 3645 haec
1242 3583 1362 3664 accipiat

1217 3674 1359 3754 praemia3

374 3765 426 3824 etsi
441 3761 580 3846 dignitate
598 3785 642 3826 rne
658 3777 701 3826 est
716 3767 832 3828 inferior
856 3766 981 3828 :robore
999 3768 1074 3828 enim
1092 3765 1279 3849 praestantior
1356 3801 1357 3804 =

374 3853 518 3916 hominum
539 3875 726 3935 equorumque
743 3869 838 3918 nostra
859 3870 901 3916 est
919 3859 1066 3939 sapientia.

374 3943 522 4004 Perversus
542 3965 610 4008 vero
628 3944 779 4006 admodum
799 3948 851 4006 iste
870 3967 929 4006 mos
948 3959 990 4007 est
1001 3991 1010 4022 ,
1031 3965 1120 4025 neque
1141 3946 1244 4028 justum

378 4031 460 4092 bonis
479 4035 585 4114 ingenii
604 4036 710 4096 artibus
730 4037 855 4119 corporis
875 4037 962 4098 robur
982 4037 1124 4119 anteponi.
1176 4119 1181 4144 Ι
