2870 4824
302 360 347 425 ³6
436 361 441 378 '
749 378 946 424 xrnornams

300 527 413 628 phani
442 525 598 602 vindicat
627 523 810 599 Fabricius
836 526 881 599 ad
910 526 946 598 h.
979 524 1004 597 l.
1037 523 1272 624 probantibus
1299 525 1390 603 viris

299 636 420 709 doctis.
448 635 550 708 Idem
572 645 669 707 certe
694 633 960 731 Xenophanem
988 632 1034 708 de
1058 634 1134 708 Deo
1164 633 1389 732 praedicasse

299 753 451 816 testatur
479 741 605 816 iisdem
633 767 747 840 paene
780 741 899 817 verbis
923 753 1031 815 utens
1057 741 1231 840 Diogenes
1252 742 1289 814 L.
1310 741 1387 834 IX,

298 861 383 922 sect.
409 873 483 948 19:
514 849 581 920 ὅλον
595 849 627 919 δὲ
652 849 746 945 ὁμοῖν,
771 854 821 918 καὶ
846 847 1065 939 ὅλονίἰκοὺειν,
1092 889 1143 902 -
1167 854 1322 941 σύμπαντά
1354 876 1389 917 τε

298 953 371 1027 εἶναι
395 969 455 1027 νοῦν
489 960 539 1024 καὶ
567 964 711 1053 φρόνησιν.
739 955 828 1027 item
868 953 1084 1026 Plutarchus
1115 955 1214 1051 apud
1252 953 1388 1028 Euseb.

296 1069 424 1165 Praep.
444 1067 513 1137 Eu.
532 1065 567 1156 Ῑ,
592 1091 628 1162 p.
661 1061 706 1136 23
730 1091 739 1134 2
762 1071 872 1136 ἀκούειν
888 1065 920 1133 δὲ
939 1069 990 1133 uui
1013 1062 1085 1160 ὅμᾷν
1104 1068 1253 1156 καθολοο,
1273 1072 1324 1135 καὶ
1345 1075 1390 1159 μὴ

297 1183 375 1246 κατὰ
385 1183 477 1271 μέρος.
492 1171 608 1270 quue
621 1196 706 1243 cum
716 1173 814 1242 omni
824 1170 1057 1269 Xenophanis
1069 1173 1245 1244 sententia
1255 1173 1300 1247 de
1309 1173 1390 1246 Deo

296 1305 495 1379 congruere
512 1304 556 1351 ex
578 1279 636 1370 iis,
656 1303 749 1377 qnae
769 1278 862 1350 infra
878 1278 924 1352 de
940 1273 1162 1377 philosophia
1177 1283 1255 1375 ejus
1272 1281 1306 1374 Ι,
1322 1275 1349 1378 S
1365 1307 1387 1379 7

296 1387 532 1476 disseremus,
559 1383 709 1482 patebit.
730 1461 736 1473 ,

346 1495 424 1566 Vox
439 1488 534 1583 οἶλις,
552 1490 576 1562 i.
594 1517 626 1563 e.
640 1491 724 1582 ὅλος,
742 1489 851 1562 etiam
876 1517 896 1562 a
917 1489 1130 1564 Parmenide
1147 1517 1180 1566 v.
1201 1487 1245 1562 61
1273 1501 1312 1564 et
1335 1517 1388 1590 9²

296 1609 471 1696 usurpata
499 1609 551 1670 est
579 1596 624 1668 ad
650 1596 925 1694 significandum
950 1596 987 1669 id
1010 1595 1109 1696 quod
1130 1599 1276 1670 omnino
1299 1624 1390 1697 per-

296 1707 435 1780 fectum
449 1715 486 1776 et
502 1701 710 1775 absolutum
731 1714 805 1792 est;
822 1703 945 1801 itaque
959 1702 1019 1776 hic
1040 1717 1157 1795 notat,
1173 1704 1293 1777 Deum
1311 1732 1390 1780 non

296 1811 419 1910 aliqua
442 1810 499 1881 sui
521 1821 622 1907 parte
649 1807 708 1884 vel
735 1807 856 1907 aliquo
883 1835 1012 1902 sensu,
1036 1811 1098 1884 sed
1124 1823 1199 1884 tota
1222 1837 1287 1884 sua
1314 1839 1391 1886 na-

296 1931 380 1993 tura
393 1941 559 2009 eernere,
573 1928 662 1990 caet.
679 1916 842 1990 Conferri
853 1929 1002 2015 possunt
1015 1945 1100 1991 oum
1113 1918 1180 1992 hac
1191 1923 1389 2016 sententia,

297 2049 520 2125 quamquam
533 2047 607 2095 non
621 2020 729 2120 plane
746 2021 875 2094 similia
888 2035 991 2115 sunt,
1006 2023 1075 2096 alia
1091 2037 1263 2101 veterum
1283 2053 1389 2124 prae-

296 2132 393 2206 clare
419 2131 464 2201 de
488 2130 563 2200 Deo
587 2129 697 2221 dicta,
724 2127 840 2205 veluti
866 2129 1090 2227 Hippocratis
1105 2131 1201 2205 illud
1219 2159 1227 2204 ι
1248 2135 1338 2203 δοκέει
1356 2138 1392 2205 δι’

297 2269 365 2334 μοι,
387 2239 403 2308 ὅ
426 2239 565 2327 καλέομεν
579 2240 710 2330 θερμὸν,
735 2240 886 2305 ἀθάνατόν
911 2264 943 2308 τε
961 2232 1033 2308 εἶναι
1057 2243 1107 2308 καὶ
1123 2257 1193 2308 νοεῖν
1217 2250 1313 2309 πάντα
1339 2247 1393 2310 καί

296 2345 366 2442 ὅμῇν
390 2347 441 2412 καὶ
468 2347 577 2412 ἀκούειν
601 2347 652 2410 καὶ
680 2343 784 2412 εἰδέναι
809 2352 907 2414 πάντα
935 2350 972 2412 τὰ
1002 2343 1074 2415 ὅντα
1102 2353 1153 2415 καί
1178 2351 1216 2414 τὰ
1242 2348 1391 2437 μελλοντα

296 2453 436 2524 ἔσεσθαι.
454 2449 606 2522 Socratis
617 2449 657 2520 in
676 2448 846 2548 Xenoph.
867 2450 1058 2524 Memorab.
1078 2453 1114 2546 Ι,
1141 2451 1175 2544 4.
1200 2465 1283 2525 sect.
1317 2455 1389 2525 18:

296 2572 394 2658 γνώσῃ
419 2565 450 2630 τὸ
468 2565 549 2630 θεῖον
574 2559 618 2630 ὅτι
638 2571 760 2629 τοσοῦτον
784 2565 835 2628 καὶ
860 2569 978 2631 τοιοῦτόν
1000 2567 1086 2650 ἐςιν,
1110 2555 1182 2639 (3ςὲ
1201 2561 1266 2655 ἅμα
1289 2574 1392 2636 πάντα

297 2667 370 2763 ὅμᾷν
394 2671 443 2734 καὶ
463 2676 561 2736 πάντα
587 2669 697 2735 ἀκούειν
720 2670 770 2734 καὶ
791 2679 941 2758 πανταχοῦ
957 2685 1092 2764 παρεῖναι
1111 2675 1162 2738 eal
1184 2668 1253 2761 οἴμοι
1267 2681 1389 2742 πάντων

296 2774 516 2864 ἐπιμελεῖσθαι.
540 2769 706 2842 Proxime
730 2796 815 2848 vero
841 2769 885 2844 ad
910 2769 1146 2870 Xenophanis
1169 2777 1391 2852 sententiam

298 2876 475 2950 accedunt
500 2873 610 2952 verba
632 2875 738 2947 Plinii
763 2876 854 2948 Hist.
871 2877 948 2949 Nat.
964 2879 1018 2972 II,
1034 2877 1067 2950 5.
1088 2880 1230 2979 Bipont.
1247 2882 1391 2976 «Quis-

299 2984 380 3084 quis
397 2995 450 3056 est
467 2983 577 3074 Deus,
603 3023 651 3038 -—
670 2995 767 3055 totus
792 2995 844 3056 est
867 3009 1009 3074 sensus,
1034 2997 1132 3060 totus
1159 2989 1269 3082 visus,
1286 3001 1389 3065 totus

299 3091 462 3182 auditus,
480 3101 576 3161 totus
592 3091 755 3182 animae,
776 3101 873 3163 totus
895 3091 1028 3184 animi,
1047 3103 1145 3166 totus
1165 3096 1268 3168 sui.»
1286 3095 1390 3172 Her·

298 3197 387 3270 mias
404 3197 443 3268 in
459 3194 615 3268 Platonis
633 3195 838 3270 Phaedrum
857 3222 894 3294 p.
914 3195 972 3296 59.
996 3199 1073 3271 Ast.
1102 3200 1160 3297 (τὸ
1179 3209 1258 3273 θετον
1279 3203 1391 3304 γένος)

295 3305 360 3376 ὅλον
383 3298 420 3375 δι’
445 3303 506 3374 ὅλου
522 3309 583 3372 ἐστι’
604 3309 742 3396 γνωςοιὸν
759 3309 809 3372 καὶ
837 3303 901 3374 ὅλον
916 3305 981 3397 ὅψις
997 3313 1043 3388 tet
1065 3313 1115 3376 καὶ
1145 3307 1208 3379 ὅλον
1230 3319 1315 3399 ἀκοὴ,
1335 3353 1389 3366 -

298 3420 351 3484 καί
378 3423 477 3505 ἡμῶν,
506 3416 581 3502 μετὰ
608 3419 659 3493 τὴν
688 3415 862 3506 ἀπαλλαγὴν
887 3425 932 3482 τοῦ
951 3422 1082 3506 σώματος
1095 3421 1201 3506 τούτου,
1217 3423 1247 3486 τὸ
1260 3418 1387 3512 ὄχημα,

298 3523 430 3616 λαμπρὸν
448 3515 481 3586 ὅν
500 3521 550 3584 καὶ
565 3522 719 3614 καθαρὸν,
740 3517 804 3589 ὅλον
817 3511 856 3588 δι’
878 3515 941 3588 ὅλον
958 3525 1020 3603 έςῖν
1043 3527 1217 3603 αἰσθητικὸν
1237 3530 1286 3592 καὶ
1305 3536 1389 3598 κατὰ

298 3645 356 3700 πᾶν
372 3627 430 3724 ὁρᾷ
442 3629 578 3722 καῖκοτὰ
594 3643 652 3695 πᾶν
668 3632 772 3696 ἀκούει.
790 3627 962 3698 Irenaeus
976 3628 1073 3726 apud
1088 3631 1266 3728 Epiphan.
1284 3631 1389 3708 Hae-

299 3759 366 3806 τεο.
394 3730 440 3803 33
469 3757 476 3802 :
499 3731 559 3809 ὅλος
578 3731 671 3801 ἔννοια
694 3729 751 3820 ὧν,
768 3734 831 3812 ὅλος
852 3738 990 3826 θέλημα,
1010 3736 1070 3814 ὅλος
1089 3751 1163 3828 νοῦς,
1186 3739 1247 3818 ὅλος
1262 3744 1388 3838 ὀφθαλ-

299 3847 373 3934 μὸς,
395 3840 457 3917 ὅλος
481 3848 550 3922 ἀκοὴ
565 3839 653 3924 ,ὅλος
674 3850 752 3934 πήγη
772 3851 888 3912 πάντων
906 3849 1042 3936 ἀμαθῶν.
1070 3841 1225 3939 Cyrillus
1250 3846 1388 3920 Hiero-

299 3945 362 4018 sol.
388 3944 528 4016 Catech.
552 3943 617 4036 Vl,
644 3970 679 4042 p.
705 3946 779 4018 82:
802 3950 1001 4045 οὐκὸνμέμει
1024 3950 1163 4039 βλέπων,
1186 3959 1218 4022 ἐν
1243 3962 1324 4050 μέρει
1352 3957 1387 4026 δὲ

300 4068 345 4126 τοῦ
364 4055 483 4142 βλέπειν
508 4059 739 4148 ιἰπεςερημένος,
764 4048 829 4126 ἀλλ’
850 4055 913 4136 ὅλος
935 4056 976 4126 ὤν
991 4061 1140 4156 ὀφθαλμὸς
1164 4067 1215 4132 καί
1230 4060 1292 4140 ὅλος
1311 4072 1387 4148 ιὀισὴ
