2870 4824
482 383 660 439 essecutus.
1064 365 1110 430 37

23 523 24 526 Ἴ
73 539 104 600 ui
116 530 164 608 iloe
184 542 254 621 νιΰς,
269 533 323 622 οὖχ
341 541 382 610 ὡς
393 543 496 624 ἡμεῖς,
516 537 545 602 ἐν
562 540 644 630 μέρει
662 549 728 603 νοῶν
748 537 798 602 καὶ
816 539 846 604 ἐν
862 541 945 630 μέρει
963 542 1005 628 μὴ
1017 543 1110 627 γινώ-

71 667 129 708 οιον.
145 635 332 733 Scriptores
350 635 413 707 hos
435 637 566 734 partim
588 642 663 732 jam
686 637 846 711 laudavit
869 638 1048 712 Fabricius
1064 637 1111 713 ad

72 747 135 817 Sext.
157 744 252 841 Emp.
278 769 315 841 p.
342 741 424 864 5814.
447 744 650 838 Quominus
670 771 755 821 vero
779 747 859 846 quis
879 759 1008 844 putet,
1024 772 1111 824 ver-

70 876 122 921 nn
140 849 230 921 bunc
251 875 298 922 ex
327 850 464 922 serioris
488 853 612 924 aetatis
632 853 776 952 ingenio
793 878 866 926 esse
885 855 1108 976 profectum,
1146 883 1148 890 ’

70 954 386 1029 animadvertendum
400 968 463 1049 est,
479 959 546 1030 tria
560 957 633 1050 illa,
646 984 740 1056 quae
753 959 814 1032 hic
825 971 1031 1052 notantur,
1021 961 1106 1057 ορᾷν,

69 1083 132 1154 ser,
144 1069 246 1133 ἀιοὺειν
255 1061 385 1159 ‚apud
404 1076 541 1138 veteres
554 1067 778 1164 potissimum
791 1064 904 1139 solere
918 1067 1107 1165 conjungi,

68 1170 91 1240 in
112 1169 227 1268 paibus
255 1195 403 1243 omnem
428 1171 653 1270 intelligendi
679 1174 989 1274 sentiendique
957 1201 1031 1248 vim
1055 1175 1109 1247 di-

23 1343 24 1378 }
67 1276 201 1350 riderent.
233 1277 389 1349 Critias
379 1305 417 1350 1n
441 1278 666 1352 nobilissimis
698 1279 860 1357 versibus
886 1281 985 1381 apud
1010 1283 1106 1356 sext.

23 1379 24 1386 '
67 1381 163 1482 liupir.
188 1381 275 1478 IX,
303 1395 386 1458 sect.
421 1381 491 1476 54,
522 1411 571 1460 vs.
607 1412 679 1484 17:

129 1558 161 1627 ὡς
182 1547 230 1632 ἔςι
242 1549 357 1641 &arpos
373 1554 491 1647 ἀφθίτῳ
509 1553 634 1620 θάλλων
656 1553 724 1645 βίῳ·

129 1667 177 1751 νόῳ
199 1651 223 1726 τ’
248 1663 412 1730 ἀκούων
444 1664 495 1728 καὶ
525 1660 689 1746 βλέπων
715 1673 871 1758 φρονῶν
902 1653 1020 1729 τ”ἀει’.«

65 1839 242 1914 clbacbius
264 1839 398 1914 Critiae
419 1842 497 1940 Tyr.
522 1842 646 1938 fragm.
675 1867 710 1940 p.
736 1841 794 1940 59.
821 1839 980 1914 Melissus
1010 1842 1110 1940 apud

63 1943 219 2018 Eusebium
248 1947 377 2044 Praep.
410 1946 479 2018 Eu.
505 1945 617 2037 XIV,
649 1971 684 2043 p.
713 1945 786 2046 757
816 1947 844 2016 G
875 1973 883 2017 :
912 1956 937 2016 εἰ
968 1955 1027 2042 γὰρ
1059 1987 1109 2005 -··

63 2063 116 2143 epu
128 2061 215 2150 ipius
234 2063 352 2151 ὁρέομεν
372 2059 422 2123 καὶ
439 2059 590 2145 ἀκούομεν,
610 2051 681 2123 εἶναι
701 2061 792 2150 ἐχρῆν
808 2071 866 2126 ποϊν
879 2059 910 2122 τὸ
939 2060 981 2123 ἐὸν
1006 2080 1108 2124 τοιοιον

61 2161 94 2228 οἷν
111 2179 205 2256 πρῶτον
233 2161 335 2244 ἔδοξεν
356 2171 424 2254 ἡμῖν
449 2155 531 2230 εἶναι·
552 2203 601 2215 -
620 2174 667 2230 νῦν
691 2161 722 2231 δὲ
746 2161 856 2259 ἔφαμεν
882 2166 979 2257 ὀρθῶς
1009 2162 1086 2256 ὁρῇ
1093 2191 1109 2230 ν

63 2271 266 2337 ιιίίικοὺειν
299 2273 350 2336 καὶ
381 2276 588 2354 συνιένοιι,
614 2267 702 2336 δοκέει
725 2267 756 2336 δὲ
780 2278 849 2360 ἡμῖν
873 2273 925 2337 καὶ
943 2272 975 2335 τὸ
998 2271 1110 2362 θερμὸν

61 2378 135 2468 topia
170 2381 312 2470 γίνεσθαι
342 2377 409 2443 κτλ.
443 2373 671 2446 Recentiores
700 2384 822 2444 contra
853 2371 993 2470 singula
1021 2373 1108 2446 haec

62 2479 232 2576 explicatius
245 2493 374 2554 notare
390 2479 561 2573 solebant,
575 2493 612 2554 et
623 2481 831 2578 praesertim
842 2486 873 2550 τὸ
884 2501 955 2550 νοεῖν
967 2479 1012 2551 ab
1023 2505 1108 2552 ocu-

61 2583 145 2660 lorum
154 2591 377 2690 auriumque
397 2589 628 2688 perceptione
652 2587 859 2662 adcuratius
874 2587 1106 2688 distinguere.

506 2932 520 2950 ι
538 2827 602 2898 lli..

123 3020 200 3095 Ἀλλ’
223 3030 377 3098 ἀπάνευθε
393 3031 483 3095 πόνοιο
501 3030 561 3092 νόον
583 3026 662 3120 φρενὶ
688 3030 785 3092 πάντα
811 3021 970 3118 κραδαίνοι.

66 3239 176 3320 lenum
215 3247 320 3320 hunc
355 3243 480 3316 laudat
519 3238 724 3339 Simplicius
756 3239 797 3308 in
819 3236 973 3310 ·Aristot.
1003 3237 1108 3337 Phys.

64 3347 116 3423 lb.
138 3359 242 3451 cujus
272 3351 519 3426 testimonium
545 3345 678 3421 multos
706 3345 821 3444 fugit,
853 3356 995 3442 praeter
1023 3343 1110 3418 alios

61 3454 262 3535 losbemium
276 3459 321 3532 ad
332 3456 543 3534 Cudwortbi
555 3457 643 3554 Syst.
658 3452 837 3528 Intellect.
855 3453 892 3522 T.
905 3451 945 3545 Ι,
966 3477 1001 3550 p.
1019 3447 1108 3543 580,

61 3575 83 3632 et
100 3567 205 3640 Sturz.
231 3565 349 3638 Praef.
382 3564 426 3637 ad
453 3559 659 3660 Empedocl.
680 3585 716 3658 p.
747 3556 1109 3654 XXX1113quidam

60 3669 117 3745 sebo
136 3676 348 3748 tribuerunt
374 3669 590 3744 Parmenidi.
625 3709 674 3722 -
705 3676 765 3737 νοω
793 3673 872 3764 φρενὶ
899 3663 1008 3736 dictio
1035 3688 1110 3735 non

60 3775 219 3855 admodum
235 3779 386 3880 quidem
403 3779 530 3853 usitata
537 3830 552 3865 ,
573 3799 640 3848 nec
655 3785 776 3846 tamen
792 3769 971 3868 elingues
991 3765 1109 3844 Grae-

60 4074 96 4139 ΙΙΙ.
112 4079 171 4144 Sine
188 4082 306 4162 negotio
324 4091 417 4142 mente
433 4093 461 4141 et
478 4080 647 4162 cogitatione
666 4084 766 4136 cuncta
786 4070 934 4153 gubernat.
