2942 4830
542 429 782 480 rnmosorrsrs.
916 465 921 480 .
1072 417 1200 492 ‚217

117 592 205 668 citet
231 597 311 668 ¹⁶⁶.
363 595 574 695 Huiusmodi
600 611 721 671 autem
750 609 803 670 est
830 596 1045 696 principium
1068 625 1089 670 a
1110 595 1200 670 Par-

117 716 266 790 menide
285 699 547 810 constitutum,¹
560 745 641 810 ens,
661 717 758 818 quod
782 743 855 791 non
873 717 1032 792 sensibus
1052 717 1200 816 quidem

115 839 338 936 percipitur,
357 837 418 911 sed
434 839 508 936 ipsa
526 839 636 912 animi
650 839 859 913 conscientia
876 853 912 912 et
924 841 1057 912 ratione
1068 865 1198 938 agnos-

113 958 213 1031 citur
235 973 407 1058 tanquam
428 961 645 1060 principium
664 956 845 1054 omnium,
873 987 947 1062 quo
972 960 1127 1054 sublato,
1147 963 1199 1034 ui·

111 1075 165 1150 hil
190 1079 344 1179 amplius
366 1095 524 1158 constare
548 1083 652 1180 possit
667 1083 746 1152 ¹⁶⁷.

166 1455 262 1528 Haeo
287 1455 332 1528 de
351 1453 569 1529 Parmenidis
595 1471 816 1558 argumento.
860 1459 967 1554 Quod
998 1474 1120 1536 autem
1150 1462 1194 1536 sd

109 1577 311 1678 quaerendi
343 1579 438 1651 viam
465 1581 540 1656 sive
568 1577 777 1653 methodum
806 1595 957 1680 spectat,
978 1581 1193 1683 philosophia

110 1699 156 1772 ad
181 1700 257 1772 veri
272 1700 506 1798 cognitionem
524 1701 640 1775 utitur
661 1705 869 1799 praesertim
890 1703 1102 1777 cernendi
1118 1719 1193 1778 arte

108 1821 175 1943 (τῷ
198 1822 336 1920 κρίνειν),
361 1847 492 1923 quasa
516 1848 611 1922 quae
632 1837 717 1895 sunt
729 1875 742 1915 ‚
763 1821 866 1897 abiis
886 1849 983 1925 quae
1004 1825 1192 1918 videntur,

108 1971 243 2019 verum
281 1944 327 2018 ab
354 1941 543 2042 opinabili,
569 1969 688 2024 unum
713 1969 733 2016 a
760 1943 900 2038 multis,
929 1945 1087 2046 deniqne
1115 1973 1194 2020 con·

109 2069 219 2140 traria
252 2061 479 2140 aco'ntrmiis
512 2067 684 2162 secernit,
707 2065 804 2167 quod
832 2065 1026 2140 dialectices
1055 2093 1192 2143 munus

109 2203 175 2262 est.
228 2187 328 2262 Hanc
362 2201 484 2260 antem
514 2189 607 2262 riam
627 2190 666 2261 in
689 2189 781 2263 entis
804 2189 946 2262 notione
975 2187 1190 2287 exploranda
1235 2265 1238 2276 ,

109 2311 267 2384 maxime
297 2323 442 2383 secutus
467 2323 520 2382 est
541 2309 780 2384 Parmenides.
810 2311 914 2382 Esse
934 2305 1192 2403 demonstrato,

108 2432 328 2506 contrarium
358 2457 444 2504 non
469 2456 563 2505 esse
587 2431 637 2504 ab
660 2430 727 2505 hoc
743 2432 913 2523 secernit,
950 2445 987 2504 et
1018 2445 1190 2531 tanquam

107 2551 241 2626 salsum
271 2552 425 2647 refutat3
461 2553 591 2627 deinde
618 2553 769 2626 secernit
803 2551 848 2625 ab
875 2578 918 2628 eo
954 2553 1189 2652 repugnantia

107 2673 196 2767 ista,
231 2675 394 2764 nasci,
437 2675 675 2762 interire,
715 2677 926 2765 mutari,
965 2689 1008 2748 ut
1041 2671 1190 2772 simplici

106 2811 259 2870 naturae
286 2796 420 2893 aliena3
446 2798 597 2873 secernit
622 2797 890 2870 motionem
918 2796 1191 2896 etpartium

105 2917 427 3014 divisionem,
461 2923 596 3022 quippe
629 2947 724 3023 quoe
764 2919 810 2994 ab
848 2945 921 2994 una
963 2935 1000 2994 et
1043 2917 1189 3018 simplici
1279 2951 1285 2974 ·

105 3053 235 3112 natura
258 3038 481 3113 abhorreant.
533 3042 677 3134 Quibus
697 3044 866 3117 omnibus
891 3043 1099 3141 exploratis,
1122 3040 1190 3114 ab·
1231 3107 1235 3114 .

104 3161 258 3234 solutam
279 3175 316 3234 et
332 3161 526 3261 perlectam
544 3165 637 3236 entis
652 3164 805 3263 speciem
821 3164 1022 3262 exprimere
1039 3159 1188 3236 studuit.

104 3282 241 3382 Itaque·
259 3283 511 3386 distinguendo
542 3299 579 3358 et
606 3283 784 3358 cernendo
810 3285 1017 3383 praesertim
1040 3283 1190 3356 Parme-

103 3401 206 3477 nides
234 3404 280 3480 ad
303 3409 379 3481 veri
405 3407 741 3507 contemplationem
772 3405 943 3499 tetendit,
970 3431 1124 3505 eamque
1150 3405 1188 3476 in

104 3527 228 3624 primis
257 3529 437 3628 ingressus
468 3543 521 3602 est
549 3529 644 3601 riam
665 3553 760 3630 quae
781 3527 825 3602 ad
845 3526 1105 3628 diligentiorem
1129 3551 1189 3600 re-

102 3673 187 3722 rum
211 3651 449 3750 cognitionem
460 3651 614 3725 mamme
625 3649 735 3726 ducit.
765 3649 832 3724 Sed
844 3663 1024 3751 praeterea
1036 3647 1189 3722 alterum

134 3865 209 3930 (166)
242 3865 316 3919 Plato
346 3867 423 3936 Soph.
451 3885 477 3936 p.
496 3865 544 3930 254
562 3871 587 3920 Β.
617 3870 670 3920 Van
688 3869 792 3923 Hrurde
810 3871 888 3922 Initia
906 3867 969 3936 phil.
987 3869 1086 3922 Pluton.
1105 3871 1138 3929 11,
1159 3885 1188 3932 a.

102 3970 128 4022 p.
144 3955 182 4016 73.
202 3957 297 4008 Seneca
323 3958 403 4025 Epist.
418 3959 440 4015 1.
466 3959 512 4020 68,
539 3960 584 4009 ubi
612 3961 751 4024 geometria
768 3968 795 4011 et
813 3958 973 4029 philosophia
996 3961 1065 4012 iuter
1085 3977 1111 4011 se
1127 3976 1189 4012 con·

104 4042 235 4096 les-untur.

135 4149 211 4218 (167)
243 4152 348 4232 Αείιῑοῑς
364 4153 477 4223 Metaph.
497 4155 544 4218 tt,
563 4171 584 4216 r,
602 4153 625 4207 3.
643 4171 668 4224 p.
685 4153 743 4215 665,
761 4153 818 4218 667.
