2840 4820
336 313 381 380 96
746 337 784 380 nu
808 335 999 379 xsrtornarns

334 485 431 586 quod
459 485 632 586 placitum
656 513 675 557 a
702 484 826 558 multis
869 509 1016 584 quoque
1043 485 1261 585 philosophis
1298 489 1398 562 adsci-

335 606 415 666 tum
439 605 476 666 et
521 621 539 665 a
581 592 705 665 Stoicis
739 591 946 690 praesertim
983 590 1150 664 subtilius
1185 592 1398 690 disputatum

334 712 396 772 est.
422 701 680 772 Verumtamen
703 723 792 770 uum
811 699 904 770 idem
926 697 1161 795 Xenophanes
1177 701 1322 770 senserit
1342 703 1399 798 qui

332 805 522 902 inprimis
551 816 710 877 mentem
736 830 756 876 a
780 829 903 876 rerum
932 803 1231 901 contemplatione
1263 831 1397 896 avocare

336 911 512 1000 instituit,
541 911 669 982 merito
697 909 939 983 dubitandum
972 921 1042 1002 est,
1071 935 1191 1008 neque
1211 911 1398 986 Aristotelis

330 1019 489 1116 opinioni
514 1019 619 1090 nimis
643 1029 785 1116 oportet
805 1017 1005 1108 confidere,
1040 1019 1124 1116 quia
1163 1018 1221 1091 hic
1261 1021 1301 1090 in
1343 1047 1396 1092 an-

330 1126 516 1224 tiquorum
552 1123 690 1222 placitis
731 1123 1008 1222 interpretandis
1044 1125 1185 1222 saepius
1218 1125 1396 1198 halucina-

330 1243 392 1303 tur
404 1243 430 1324 ⁷,
456 1231 544 1328 quin
564 1231 671 1304 etiam
696 1230 915 1304 Parmenidis
934 1232 1109 1304 rationem
1126 1239 1190 1328 περὶ
1208 1247 1254 1302 τώ
1265 1234 1338 1311 ὄντος
1354 1235 1395 1304 si-

329 1338 410 1410 mili
433 1341 730 1438 interpretatione
758 1340 965 1439 depravasse
993 1340 1157 1433 videtur,
1171 1352 1215 1414 ut
1238 1339 1307 1412 alio
1330 1341 1394 1414 loco

328 1474 349 1520 a
374 1445 476 1520 nobis
499 1445 720 1520 ostendetur.

376 1649 455 1718 Jam
471 1644 695 1744 reliquorum
710 1645 925 1743 scriptorum
940 1645 1141 1719 testimonia
1155 1646 1183 1717 si
1200 1645 1390 1738 audiamus,

327 1754 458 1826 horum
480 1751 646 1850 plerique
667 1776 783 1848 quum
808 1755 886 1846 ejus
909 1750 1038 1849 placita
1059 1749 1116 1827 vel
1140 1751 1233 1823 fama
1257 1753 1390 1850 accepis

326 1872 407 1932 sent
435 1857 494 1932 vel
517 1858 615 1956 apud
640 1856 724 1929 alios
754 1869 1027 1930 commemorata
1054 1855 1246 1956 legissent,
1273 1883 1311 1930 ea
1340 1884 1389 1955 pa-

325 1989 409 2037 rum
432 1962 621 2062 diligenter
641 1977 679 2036 et
699 1963 866 2062 explicite
883 1962 1113 2058 retulerunt,
1137 1962 1247 2035 multi
1274 1965 1388 2054 edam,

285 2139 287 2146 .
325 2071 459 2168 quibus
483 2069 661 2143 sentiendi
682 2069 931 2169 cogitandique
956 2067 1075 2168 aliqua
1095 2081 1268 2168 tanquam
1286 2095 1388 2142 neces·

327 2175 444 2251 situdo
469 2201 554 2249 cum
578 2175 805 2273 Xenophane
831 2187 939 2267 emet,
956 2201 1042 2248 cum
1066 2175 1165 2248 illius
1186 2175 1320 2273 placitis
1335 2203 1387 2248 sua

325 2282 593 2374 contuderunt,
617 2295 661 2355 ut
685 2283 872 2380 Megarici,
900 2281 1129 2382 Pyrrhonici,
1156 2283 1285 2374 Stoici,
1309 2281 1387 2355 mul-

323 2403 434 2489 toque
452 2391 559 2462 etiam
578 2391 806 2486 posteriores,
824 2413 980 2486 quorum
997 2389 1104 2487 opera
1119 2387 1263 2462 dubites
1278 2403 1386 2461 utrum

323 2495 499 2569 illustrata
540 2497 650 2595 magis
678 2521 723 2567 an
756 2497 940 2568 obscurata
966 2495 1011 2565 sit
1039 2495 1243 2592 antiquitas.
1265 2495 1316 2566 Ex
1343 2495 1386 2566 his

322 2603 433 2704 igitur
460 2602 616 2677 tenebris
647 2603 875 2700 Xenophanis
912 2603 1087 2676 sententia
1119 2605 1321 2698 conjectura
1337 2627 1385 2674 ex·

323 2711 448 2808 plicari
469 2713 528 2788 vix
554 2724 683 2808 posset,
707 2713 775 2782 nisi
799 2709 919 2784 lucem
945 2709 1113 2783 afferrent
1143 2711 1299 2783 duorum
1326 2723 1385 2782 tes·

323 2817 473 2888 timonia
516 2831 704 2890 auctorum
735 2819 800 2917 qui
832 2817 1017 2916 diligentia
1055 2829 1092 2889 et
1135 2817 1205 2890 fide
1233 2815 1383 2888 'omnihus

322 2923 563 3022 anteponendi
591 2936 687 2995 sunt.
713 2923 881 2996 Alterum
910 2925 949 2994 in
982 2921 1154 3020 Simplicii
1182 2935 1382 2996 commenta-

321 3031 403 3122 riis,
420 3056 514 3130 quae
536 3028 632 3129 sylva
646 3042 698 3103 est
725 3032 854 3104 veteris
879 3029 1140 3128 philosophiae,
1158 3042 1286 3120 exstat,
1306 3029 1382 3100 duc-

322 3149 420 3230 tum,
446 3150 489 3209 ut
518 3137 678 3225 videtur,
706 3136 882 3234 eperdito
908 3136 1137 3232 Theophrasti
1168 3159 1274 3232 opere
1297 3133 1381 3232 φυσικῇ

320 3252 416 3341 ῖςορὶᾳ
444 3243 639 3343 inscripto,
668 3247 808 3343 inquo
835 3243 1080 3340 antiquiorum
1105 3241 1380 3340 philosophorum

320 3353 512 3424 sententias
529 3351 577 3422 ita
603 3349 765 3424 retulisse
789 3351 950 3438 videtur,
976 3361 1117 3421 utnon
1147 3350 1266 3421 miuus
1293 3345 1380 3418 inda-

322 3458 429 3558 gandi
455 3458 618 3532 studium
650 3483 760 3556 quam
790 3457 916 3554 judicii
939 3457 1180 3554 integritatem
1209 3454 1381 3554 probaret,

321 3576 473 3672 ejusque
500 3567 593 3647 liber
618 3573 696 3644 lons
720 3583 837 3664 esset,
867 3569 966 3644 uude
996 3571 1204 3676 posteriores
1233 3567 1400 3668 pleriquer

359 3839 568 3920 (plastentior
583 3841 625 3901 Cl.
645 3839 836 3902 Gousiniol..l
853 3861 882 3922 p.
898 3861 935 3922 77
950 3837 1072 3900 dicenti:
1089 3862 1104 3896 r
1097 3841 1166 3898 On
1184 3859 1218 3919 ne
1233 3837 1376 3897 sauraitac-

195 3961 197 3966 ·
320 3934 418 3994 corder
433 3949 496 4020 trop
514 3938 549 3998 de
565 3938 736 3998 confianceh
753 3941 889 4008 Aristeu,
906 3939 1026 4016 quinon
1043 3935 1194 3998 seulement
1210 3945 1396 4018 rapportc
1345 3929 1375 3988 les

319 4053 448 4114 opinions
457 4034 491 4095 de
499 4035 686 4119 Xenophane
693 4057 762 4099 mats
769 4035 966 4118 endeveloppe
976 4048 1004 4096 et
1012 4055 1047 4096 en
1054 4047 1206 4097 commeate
1215 4025 1396 4094 lesmotrls
