2924 4820
518 349 730 394 mruosorma.
1100 333 1163 398 155

104 497 277 596 paullatim
303 498 424 572 denuo
447 499 618 574 eductum
635 501 680 572 iri
700 513 809 599 atque
832 501 880 572 ita
898 527 1033 578 novum
1057 527 1162 578 mun·

102 607 204 696 dnm,
229 631 364 676 novum
394 631 517 679 rerum
545 607 707 680 ordinem
734 607 914 679 oriturum
938 636 946 679 :
973 609 1064 683 hano
1093 637 1160 682 na-

102 723 194 780 turae
218 712 496 785 vicissitudinem
522 713 598 785 sore
627 725 849 810 perpetuam.
873 713 926 785 Ile
952 717 1079 788 mundi
1102 716 1163 789 illa

101 816 317 889 conversione
343 843 425 888 mox
450 843 619 916 agemus,
647 844 746 890 nuno
771 833 937 890 notemus
964 821 1072 918 quale
1097 849 1164 894 vo-

100 921 199 994 luerit
218 947 293 995 esse
318 938 469 998 naturae
490 927 634 996 initium
658 953 667 998 ι
695 929 928 1024 praecipuum
948 931 1093 1001 omnino
1114 931 1164 1004 lo·

99 1053 171 1098 curn
200 1041 317 1104 terrae
350 1031 477 1119 dedit,
501 1056 617 1128 quum
648 1045 685 1104 et
714 1033 889 1104 infinitam
922 1059 1001 1106 eam
1033 1036 1164 1108 faceret

99 1146 129 1206 et
154 1135 267 1228 hujus
292 1136 535 1208 submersione
562 1139 668 1210 totius
697 1139 823 1210 mundi
851 1141 1040 1212 interitum
1073 1141 1164 1216 effici

98 1239 246 1332 diceret,
276 1269 359 1313 curn
383 1242 512 1314 tellure
530 1258 651 1314 autem
673 1244 860 1337 conjunxit
877 1244 1064 1320 humorem
1091 1249 1164 1322 sive

98 1371 207 1438 mare,
227 1373 306 1446 quo
325 1349 422 1420 illam
439 1351 541 1422 initio
559 1352 771 1447 permixtam
784 1366 820 1424 et
832 1351 1016 1446 obrutam,
1034 1354 1164 1430 deinde

100 1479 187 1544 vero,
213 1455 490 1528 decurrentibus
521 1459 621 1556 aquis
632 1510 647 1544 ,
678 1457 722 1528 ab
741 1458 886 1560 humida
910 1463 1164 1554 conjunctione

98 1557 274 1631 liberatam
293 1587 366 1634 esse
385 1563 547 1658 putavit,
573 1565 619 1635 ita
639 1575 681 1634 ut
707 1575 800 1634 terro
830 1577 865 1636 et
888 1591 1164 1639 mareseoerne-

100 1680 226 1739 rentur.
259 1668 303 1738 In
336 1669 427 1740 hanc
462 1671 675 1741 sententiam
709 1672 873 1768 congruit
904 1671 1001 1768 qnod
1034 1673 1166 1768 Dioge-

99 1799 151 1846 nes
182 1775 347 1848 Lae'rtius
375 1776 510 1868 refert,
541 1776 804 1872 Xenophanem
836 1777 973 1850 Thaleti
1004 1783 1166 1854 statuisse

99 1885 284 1971 contraria,
310 1881 368 1954 hic
392 1883 488 1954 enim
513 1907 557 1954 ex
588 1907 680 1980 aqua
705 1897 780 1953 orta
799 1907 872 1954 esse
895 1885 1013 1956 omnia
1036 1887 1165 1983 ipsem-

100 2011 159 2084 que
176 2001 309 2060 terram
335 2015 449 2086 aquae
472 1991 635 2061 innatare
665 1989 814 2086 putabat
838 1987 872 2060 ²⁴.

24 2157 25 2160 ,
138 2094 232 2166 llaec
256 2107 377 2166 autem
406 2095 532 2192 placita
561 2121 635 2192 quo
661 2097 770 2193 magis
794 2093 1044 2184 illustrentur,
1070 2121 1165 2168 com·

99 2199 244 2292 paranda
278 2214 363 2272 sunt
393 2227 478 2273 oum
505 2215 668 2274 veterum
696 2207 881 2296 poetarum
912 2201 1164 2297 opinionibus,

98 2325 172 2398 quas
192 2303 258 2376 ille
273 2308 312 2375 in
337 2331 458 2378 rerum
481 2309 616 2404 origine
636 2306 845 2379 celebrande
872 2309 1090 2402 potissimum
1112 2333 1165 2379 se-

98 2423 191 2482 cutus
214 2413 371 2486 videtur.
398 2413 570 2486 Similiter
592 2415 689 2485 eninr
714 2413 811 2510 apud
834 2414 1028 2488 Hesiodum
1044 2412 1068 2451 ²⁵
1088 2425 1166 2513 post

97 2515 196 2590 Chaos
218 2519 380 2616 primum
409 2521 579 2593 exstitisse
609 2520 835 2616 praedicetur

182 2684 257 2761 Γαῖ’
285 2695 472 2789 εὗρὺςερνος,
500 2703 616 2764 πάντων
644 2691 703 2771 ἕδος
726 2697 853 2792 ἀσφαλὲς
877 2698 955 2783 aiei,

183 2801 331 2895 Τάρταρα
357 2793 384 2867 τ’
409 2807 545 2898 deplorant
565 2805 652 2894 μὺχῳ
675 2803 780 2894 χθονός
804 2803 967 2897 εὐρυοδείης.

24 2989 26 2996 >
97 2955 268 3032 Tellurem
285 2961 371 3032 dicit
394 2962 503 3032 totins
518 2961 648 3033 mundi
668 2961 945 3034 fundamentum
961 2989 970 3052 3
989 2962 1077 3036 imos
1093 2975 1164 3037 ter-

96 3086 147 3135 rae
171 3078 291 3162 partes
317 3079 428 3165 atque
444 3067 578 3140 abditas
593 3081 723 3140 tartara
741 3083 851 3145 vocat.
872 3069 965 3141 Cum
980 3095 1053 3168 quo
1072 3096 1164 3144 con-

131 3299 190 3376 (od)
213 3301 296 3381 Diog.
324 3301 418 3362 Lodrt.
450 3301 511 3376 lx,
539 3301 867 3384 18.arist0r.1ttenph.
893 3303 925 3374 l,
947 3305 975 3364 3.
996 3325 1024 3386 p.
1042 3303 1103 3384 645
1128 3307 1165 3367 Ι).

98 3383 222 3448 decoel.
247 3391 295 3464 ll,
325 3394 367 3452 13.
388 3413 415 3471 p.
437 3389 496 3469 364
522 3391 555 3452 Ε.

130 3507 193 3587 (25)
216 3509 330 3571 Hesiod.
360 3511 503 3592 Theogou.
531 3533 587 3574 vsu.
612 3533 666 3595 ¹¹7
690 3523 718 3571 et
745 3533 819 3596 ¹¹93
846 3513 893 3593 qui
916 3513 1097 3595 interpositus
1124 3525 1166 3574 est

97 3615 185 3658 tersus
193 3643 203 3674 ,

136 3787 139 3794 Ι
211 3711 368 3774 Ἀθηναίην
385 3711 411 3774 ol
429 3711 523 3792 ἵχουνι
546 3713 615 3798 xripn
637 3712 770 3794 ”piures
789 3713 947 3792 Ὀλιῖμπου,

98 3835 145 3913 jam
164 3835 199 3896 ob
219 3842 338 3916 antiquis
353 3841 462 3920 spurius
483 3841 594 3900 babitus
612 3852 672 3912 ost3
690 3839 749 3900 rid.
765 3839 857 3899 Schol.
871 3836 986 3898 Hesiodi
1006 3837 1165 3905 laudarusa

100 3921 310 4004 Wytteobaohro
328 3929 363 3988 ud
384 3929 525 3990 Phaedon.
545 3952 573 4012 p.
597 3928 664 4012 298.
681 3962 723 3974 -
743 3929 870 4010 Τάρταρα
889 3939 980 3988 autem
999 3940 1092 3988 terroe
1107 3932 1164 3994 vis-

101 4016 321 4096 condimntum,
344 4019 432 4084 veluti
451 4021 594 4102 Theogou.
615 4041 657 4084 rs.
675 4016 745 4098 841.
765 4021 865 4100 Virgil.
884 4019 987 4101 Georg.
1006 4021 1053 4090 ll,
1074 4039 1142 4104 ²9¹·
