2924 4820
217 357 235 416 4
489 323 494 332 ¹
609 367 658 412 ult
682 365 896 416 l’hRROENIDlS

219 539 412 640 tiquiorum
433 533 728 631 chronologorum
747 535 952 606 testimoniis
971 537 1166 640 munitum.
1192 537 1292 612 Plato

219 659 318 732 initio
332 656 458 756 dialogi
474 681 585 755 quem
596 649 803 726 Panuarrrnrs
813 656 958 728 nomine
973 656 1161 754 inscripsit,
1172 669 1292 730 narrat

223 779 359 852 venisse
374 773 562 874 aliquando
577 771 733 846 Athenas
748 772 792 846 ad
804 757 1134 850 ¹Panathenaeoruni
1149 775 1292 852 celebri·

218 911 328 970 tatem
347 891 599 990 Parmenidem
620 917 796 988 unacum
818 896 979 986 Zenone,
996 895 1099 972 illum
1111 895 1181 995 jam
1202 910 1291 971 natu

178 1009 186 1021 ’
218 1014 405 1116 grandem,
419 1039 596 1088 annorum
612 1011 750 1084 circiter
760 1014 924 1114 quinque
935 1029 971 1088 et
986 1018 1179 1116 sexaginta,
1190 997 1290 1090 hunc

217 1163 303 1214 vero
322 1133 469 1210 florente
488 1146 614 1218 aetate,
636 1158 746 1206 annos
767 1147 894 1206 natum
917 1135 1030 1208 ferme
1045 1134 1290 1236 quadraginta,

213 1270 254 1334 et
274 1255 491 1330 Parmenidis
512 1252 651 1326 delicias
669 1253 841 1352 (waltrat)
860 1283 880 1328 a
901 1253 1081 1354 plerisque
1100 1255 1292 1352 creditum

215 1406 373 1482 quorum
405 1377 559 1453 sermoni
584 1404 742 1477 puerum
764 1378 873 1454 etiam
895 1391 975 1451 tum
1000 1375 1203 1450 interfuisse
1224 1379 1292 1452 So-

214 1515 348 1575 cratem
371 1499 462 1597 (rire
477 1499 745 1600 egilpera‘ulffi
772 1501 853 1574 Jam
864 1500 1021 1577 Socrates
1032 1496 1289 1600 nahraOlymp.

216 1649 276 1722 77,
287 1649 320 1698 a.
333 1622 373 1720 43
386 1623 535 1722 eiigitur
545 1647 720 1721 ponamus
736 1648 835 1714 eum,
852 1648 925 1722 quo
943 1601 1101 1718 tempore
1111 1617 1169 1693 hio
1178 1645 1293 1694 sermo

213 1741 357 1816 habitus
373 1744 434 1834 sit,
448 1741 600 1815 sedecim
613 1765 794 1816 annorum
804 1740 985 1842 ephebum
997 1740 1123 1834 fuisse,
1141 1739 1293 1816 Parme-

203 1861 324 1954 nides,
345 1863 411 1962 qui
432 1877 512 1935 turn
528 1877 605 1935 erat
622 1862 692 1962 jam
712 1861 1081 1963 sexagenario‘maior,
1099 1875 1204 1938 natus
1215 1861 1293 1936 fere

203 1984 283 2096 duit
299 1983 439 2086 Olymp.
455 1983 502 2056 65
517 1991 550 2076 ³3
563 1985 659 2057 Zeno
678 1997 813 2075 autem,
833 1985 898 2084 qui
916 1985 1041 2084 viginti
1062 1984 1212 2084 amplius
1223 2007 1292 2056 an-

211 2109 268 2181 nis
287 2107 347 2181 illc
364 2107 524 2198 inferior,
547 2107 757 2208 Olympiade
775 2134 833 2206 71.
865 2109 1031 2182 laertius
1051 2133 1136 2183 vero
1151 2129 1294 2182 memo·

200 2242 267 2301 rat
287 2227 536 2301 Parmenidem
548 2229 644 2300 circa
660 2227 800 2328 Olymp.
817 2225 868 2329 69
884 2227 1008 2304 aetatis
1023 2228 1118 2328 ἀκμῇ
1134 2230 1244 2304 luisse
1256 2239 1292 2324 ⁴3

210 2349 307 2448 qnod
318 2350 488 2449 profecto,
504 2351 532 2422 si
550 2348 751 2424 secundum
770 2349 953 2423 Platonem
965 2350 1106 2453 Olymp.
1121 2349 1168 2424 65
1186 2361 1294 2422 natus

210 2471 270 2564 sit,
290 2497 364 2546 non
385 2485 438 2544 est
458 2467 642 2560 credibile,
665 2495 752 2539 eum
773 2483 846 2537 tam
865 2467 965 2542 brevi
988 2471 1032 2539 ad
1057 2469 1237 2543 doctrinae
1257 2483 1294 2542 et

210 2590 339 2690 gloriae
363 2595 602 2670 maturitatem
624 2591 780 2688 potuisse
802 2589 1003 2696 pervenire.

260 2717 307 2788 At
326 2712 482 2787 Platonis
500 2712 567 2784 hac
583 2712 623 2783 in
645 2735 684 2784 re
702 2709 809 2783 fidem
830 2707 1181 2810 addubitamnt'jam
1204 2727 1294 2787 rete

212 2861 285 2924 res,
303 2846 345 2906 ut
365 2827 568 2906 Athenaeus
584 2845 621 2904 et
639 2829 856 2923 Macrobius,
873 2833 956 2932 qui,
974 2831 1295 2908 animadvertentes

211 2954 386 3033 illumin
409 2950 554 3049 dialogis
577 2937 762 3026 interdum
793 2976 1026 3049 personarum
1051 2966 1184 3028 aetates
1205 2979 1294 3028 con-

212 3075 380 3167 fundere,
403 3076 511 3146 etiam
528 3073 596 3148 hoc
616 3073 713 3174 quod
735 3073 780 3147 de
792 3072 1005 3146 Parmenide
1017 3087 1157 3166 narrat,
1178 3099 1295 3152 exem·

212 3189 325 3298 plum*
331 3197 540 3296 proferunt,
557 3225 641 3272 cum
659 3223 732 3296 quo
753 3197 814 3276 vir
830 3197 981 3300 colloqui
999 3197 1177 3271 Socratem
1190 3221 1292 3296 prop
1409 3273 1415 3284 ,

212 3333 268 3394 ter
289 3332 457 3412 aetatem,
473 3318 610 3394 nedum
630 3333 703 3392 tam
722 3319 841 3394 arduis
860 3320 906 3394 de
926 3319 1034 3394 rebus
1051 3319 1206 3417 potuisse
1225 3315 1295 3390 dis-

212 3454 341 3540 putare
365 3447 397 3512 ⁵.
432 3439 478 3511 Hi
502 3465 603 3539 ergo,
624 3465 646 3514 e
667 3441 806 3542 vulgari
828 3439 1120 3540 chronologorum
1147 3440 1295 3533 ratione,

244 3633 286 3700 (s)
312 3632 384 3684 Plato
403 3631 487 3682 ram.
502 3646 530 3698 p.
552 3645 597 3694 ra7
619 3633 637 3682 Β
657 3632 684 3684 C.

245 3722 288 3790 (³)
302 3720 458 3786 Dodwstlus,
475 3719 582 3773 Dluert.
598 3713 631 3772 de
652 3729 737 3776 aetate
756 3721 862 3790 Pythag.
884 3723 927 3786 tt,
943 3739 970 3791 p.
987 3737 1054 3786 aro,
1073 3723 1101 3774 tn
1119 3722 1294 3792 computando

214 3827 473 3878 aonommflnumero
499 3810 607 3864 fallitur.

246 3897 287 3968 (θ’
301 3887 425 3967 Diogenes
445 3901 474 3956 L.
491 3903 547 3966 IX,
566 3899 610 3954 ad:
627 3904 736 3971 ἤκμαζε
752 3901 785 3958 δὲ
804 3905 876 3956 κατὰ
894 3906 946 3973 τὴν
963 3905 1061 3974 ἐνάτην
1080 3905 1128 3958 nul
1147 3903 1296 3974 ἑξηκοστὴν

216 3988 399 4056 Ὀλυμπιάδα.

145 4143 148 4148 Ι
246 4079 289 4150 (5)
306 4081 451 4138 attensem
465 4085 515 4152 IX,
532 4085 567 4142 15.
581 4105 607 4159 p.
619 4086 668 4141 505
680 4089 714 4142 1²2
728 4089 896 4158 Παρμενίδῄ
908 4091 956 4144 sel
974 4091 1073 4148 ἐλθεῖν
1090 4095 1131 4155 εἰς
1141 4093 1296 4162 λόγονςτὸν
