2870 4824
281 387 326 452 di
722 407 914 454 aususausus

280 560 341 634 alii
364 563 538 649 ἐπέδιιξαν,
563 558 625 632 alii
647 561 822 658 captohsioev
847 557 1057 650 ediderunt3
1077 582 1141 656 pro
1157 564 1366 655 e'qmps'oumou

279 667 421 768 Eclogg.
436 666 521 740 libri
542 673 721 767 ἐφεὺρισκον,
739 665 840 740 unde
852 664 1017 756 Grotius,
1035 676 1077 736 ut
1101 665 1263 737 metrum
1282 690 1366 736 con-

280 787 410 867 staret,
439 774 645 848 emendavit
668 777 831 873 ipcoptmtds
854 802 882 844 τι
908 771 1035 866 ἄμεινον.
1063 771 1134 845 Sed
1160 770 1368 870 iptdptoatosou

281 883 398 975 ἄμεινον
426 880 585 956 breviter
612 881 752 955 dictum
776 893 853 973 est,
879 880 1035 954 sicut'in
1063 879 1176 952 veteri
1198 877 1262 950 illo
1287 903 1369 976 pro-

281 987 406 1063 verbio
420 1015 428 1060 ι
442 989 541 1088 ἔφαγον
564 995 676 1080 κακὸν,
700 987 779 1087 εὗραν
792 989 920 1082 ἄμεινον.
945 986 1026 1059 Vid.
1045 985 1244 1085 Hesychius
1260 985 1299 1058 Τ.
1326 985 1368 1077 1,

282 1121 313 1167 c.
344 1091 461 1194 1557,
489 1108 526 1167 et
551 1093 694 1169 Alberti
718 1095 822 1168 adh.
852 1094 875 1166 l.

332 1272 504 1370 Spectant
523 1285 648 1347 autem
665 1273 705 1346 hi
726 1299 848 1349 versus
873 1274 918 1347 ad
946 1273 1082 1346 artium
1105 1270 1372 1362 inventionem,

281 1377 416 1476 quihus
443 1379 606 1452 homines
630 1405 675 1454 ex
700 1381 828 1478 agresti
850 1382 950 1452 victu
975 1379 1020 1452 ad
1043 1378 1235 1452 lautiorem
1259 1377 1375 1450 vitam

283 1484 422 1558 exculti
442 1499 551 1579 sunt3
567 1486 613 1561 de
636 1513 794 1586 quarum
821 1488 958 1588 origine
985 1489 1078 1564 varia
1102 1499 1180 1560 erat
1206 1498 1376 1562 veterum

284 1593 418 1690 opinio.
444 1592 616 1667 Fabulosa
642 1595 862 1692 antiquitas,
890 1619 986 1692 quae
1011 1593 1130 1665 omnia
1146 1592 1191 1666 ad
1209 1591 1301 1664 Deos
1318 1617 1376 1664 re-

283 1698 380 1782 ferre
402 1712 657 1792 consueverat,
672 1713 766 1774 artes
781 1725 929 1801 quoque
951 1699 1123 1778 divinitus
1146 1697 1191 1770 ad
1210 1697 1376 1781 homines

285 1803 420 1880 delatas
442 1807 693 1907 praedicabat3
720 1808 893 1881 doctiores
909 1833 994 1884 vero
1023 1833 1081 1880 eas
1100 1831 1172 1878 non
1187 1831 1207 1877 a
1222 1805 1298 1876 Diis
1313 1803 1378 1876 da-

282 1924 336 1984 tas
358 1914 421 1988 se'd
456 1915 615 1987 humana
637 1915 815 1990 industria
850 1913 1042 2012 paullatim
1064 1915 1277 1989 inventaset
1295 1935 1378 2010 par-

284 2029 337 2090 tas
362 2045 436 2094 esse
464 2022 675 2118 judicarunt
689 2049 700 2114 3
714 2033 759 2094 ut
776 2022 816 2092 in
831 2019 898 2094 hoc
922 2045 1030 2096 versu
1054 2019 1103 2092 ait
1126 2018 1378 2118 Xenophanes.

285 2125 459 2200 Similiter
481 2127 565 2218 alii,
586 2127 702 2204 veluti
727 2125 925 2227 Aeschylus
949 2127 989 2199 in
1013 2125 1246 2217 Prometheo,
1269 2127 1380 2221 cujus

284 2255 436 2330 persona
449 2231 631 2333 praeclare
645 2233 827 2308 humanae
852 2234 1051 2308 industriae
1077 2235 1151 2310 vim
1173 2233 1374 2333 significat,

284 2338 373 2413 huic
414 2341 552 2414 auctori
586 2343 752 2414 omnium
785 2342 920 2414 artium
949 2341 1194 2416 inventionem
1220 2339 1374 2427 tribuit,

284 2473 334 2522 rs.
363 2445 460 2540 delo,
489 2473 565 2547 sqq.
591 2448 772 2523 Moschion
799 2451 839 2522 in
865 2449 1064 2523 clarissimis
1087 2446 1249 2524 versibus
1275 2445 1376 2546 apud

286 2553 482 2628 stobaeum
508 2553 627 2657 Eclog.
654 2557 694 2630 Ρ.
720 2558 761 2650 1,
789 2583 825 2655 p.
853 2557 926 2648 240
949 2581 1025 2655 sqq.
1050 2554 1115 2629 ubi
1139 2565 1283 2654 praeter
1304 2551 1377 2628 aha

270 2660 375 2734 'haec
399 2677 598 2737 occurrunt
622 2691 631 2736 ι

383 2831 446 2898 ἐπεῖ
467 2822 496 2899 d'
520 2839 536 2899 ὅ
556 2839 661 2899 τίκτων
685 2839 783 2900 πάντα
807 2835 857 2898 καὶ
880 2837 990 2926 τρέφων
1016 2838 1115 2925 χρόνος

386 2939 434 3004 τὸν
460 2941 567 3018 θνητὸν
587 2936 743 3015 ἠλλοὶωσεν
769 2935 900 3029 ἔμπαλιν
925 2935 1013 3022 βίον,
1041 2977 1092 2989 -
1116 2975 1164 2988 -

387 3033 453 3110 τόθ’
477 3048 586 3139 εὑρέθη
616 3047 669 3136 μὲν
689 3049 799 3139 καρπὸς
825 3051 928 3139 ἡμέρω
951 3059 1074 3139 τροφῆς,

287 3229 505 3320 ceteraque,
529 3219 663 3322 quihus
684 3222 876 3296 hominum
899 3219 1043 3296 cultum
1067 3219 1244 3294 describit.
1271 3219 1379 3294 Idem

286 3340 544 3426 argumentum
566 3328 667 3401 Plato
690 3330 794 3402 initio
822 3329 906 3430 lihri
923 3329 979 3398 111
995 3328 1041 3402 de
1059 3327 1165 3427 Legg.
1187 3339 1225 3401 et
1244 3326 1379 3400 Diodo-

289 3431 352 3507 'rus
377 3433 522 3508 Siculus
549 3436 589 3508 in
614 3435 852 3510 Historiarum
876 3435 1054 3536 principio
1078 3433 1193 3534 tangit
1202 3487 1217 3522 ,
1239 3434 1306 3532 qui
1321 3435 1380 3507 di-

266 3535 360 3634 cit,
385 3553 502 3614 πάντων
528 3553 579 3627 τὴν
611 3542 718 3640 χρείαν
747 3547 836 3628 αὐτὴν
864 3543 1037 3616 διδάσκαλον
1067 3547 1208 3638 γενέσθαι
1233 3561 1290 3621 τοῖς
1320 3551 1381 3612 ἀν-

287 3654 425 3748 θρώποις.
451 3677 487 3749 p·
517 3676 582 3743 12,
606 3651 722 3727 Wess.

337 3757 413 3830 Hoc
424 3770 680 3857 argumentum
691 3759 797 3856 prisci
806 3763 932 3858 poetae
943 3767 981 3830 et
992 3753 1193 3854 philosophi
1204 3751 1381 3828 adhibue-

290 3877 377 3936 runt
388 3865 435 3938 ad
445 3865 669 3939 excitandam
681 3877 719 3938 et
731 3863 1130 3940 acuendamhominum
1141 3862 1379 3954 industriam,

290 3983 335 4045 ut
356 3973 531 4047 Hesiodus
558 3974 624 4072 ipy.
650 3997 700 4050 vs.
727 3973 800 4067 qa,
831 3976 938 4068 cujus
965 3971 1181 4046 sententiam
1197 3971 1379 4069 expressit

288 4080 460 4180 Virgilius
475 4078 604 4181 Georg.
631 4083 671 4176 1,
695 4081 779 4174 121'3
803 4083 891 4156 item
912 4079 1000 4175 ille,
1027 4082 1133 4176 cujus
1155 4079 1294 4154 dictam
1312 4077 1379 4151 So-
