2942 4830
510 401 751 452 rmnosorma.
1099 381 1162 442 241

105 569 298 646 coelestium
322 593 510 668 corporum
534 551 722 662 omatum,
746 593 856 670 quam
883 565 1045 665 singula,
1069 587 1164 665 quae

104 690 260 764 interris
281 691 387 780 fiant,
411 702 448 764 et
470 689 553 764 olim
571 691 740 764 exstitisse
758 702 795 762 et
814 701 987 788 perpetuo
1011 687 1108 787 gigni
1126 709 1167 759 ee
1236 733 1242 746 -

105 813 286 886 sumentsri
308 813 463 908 censuit,
484 827 527 885 ut
550 837 571 886 e
592 811 826 912 sequentibus
847 806 1038 908 apparebit.

144 932 306 1006 Primum
329 933 457 1008 mundi
484 933 752 1033 descriptionem
773 930 1048 1040 consideremus.
1099 931 1168 1000 Ar-

103 1065 313 1150 gumentum
338 1053 475 1127 illustre
498 1071 534 1128 et
551 1055 795 1153 magnificum,
819 1051 923 1150 cujus
942 1065 1077 1150 quanto
1100 1076 1171 1124 ma·

104 1169 155 1271 jor
183 1187 261 1246 erat
289 1188 452 1249 veterum
472 1175 510 1246 in
538 1173 807 1272 contemplando
839 1171 1036 1262 admiratio,
1072 1185 1170 1245 tanto

105 1291 214 1365 minor
229 1294 307 1368 fere
325 1295 363 1368 iu
379 1293 596 1370 observando
616 1295 793 1396 diligentia
818 1296 902 1368 fuit.
927 1295 1072 1393 Quippe
1087 1292 1172 1366 uni·

106 1413 190 1486 versi
212 1429 379 1490 ornatum
402 1429 438 1488 et
461 1416 744 1514 pulcritudinem
765 1415 941 1507 admirati,
966 1413 1044 1514 ejus
1066 1427 1172 1486 natu·

105 1560 175 1606 rom
195 1537 429 1636 partiumque
453 1535 613 1610 ordinem
637 1563 709 1611 nou
732 1563 840 1610 sensu
864 1537 1001 1635 assequi
1018 1533 1173 1608 studue-

106 1669 204 1748 mut,
224 1655 288 1730 sed
311 1670 433 1762 mente
461 1657 701 1732 informarunt
727 1657 771 1730 ad
794 1683 872 1730 eom
899 1655 1013 1755 pulcri
1034 1643 1173 1754 perfec·

107 1776 204 1877 u'que
220 1777 374 1876 speciem
397 1805 491 1880 quse
522 1779 559 1850 in
586 1779 743 1876 ipsorum
777 1779 903 1851 animis
932 1777 1174 1870 insideret⁶³;

107 1899 149 1971 sio
173 1913 219 1978 ut,
234 1899 437 1974 Aristoteles
467 1900 530 1990 ait,
554 1925 627 1972 uon
650 1924 716 1972 suo
742 1901 886 1999 cogitata
919 1923 1073 2000 suesque
1106 1923 1176 1988 no-

108 2020 211 2094 tiones
242 2020 289 2094 ad
311 2021 439 2093 muudi
466 2033 651 2112 naturam,
685 2019 746 2093 sed
770 2019 862 2092 lmnc
886 2019 929 2092 sd
955 2019 1013 2090 illa
1035 2043 1176 2091 accom-

109 2139 283 2216 modantes
306 2141 363 2213 ⁶⁴.
414 2121 625 2239 Huiusmodi
658 2165 805 2242 quoque
844 2139 915 2232 fuit
946 2135 1177 2212 Parmenides

109 2261 199 2336 rasio.

149 2381 286 2476 Mundo
302 2382 451 2456 formem
473 2382 597 2458 tribuit
615 2385 810 2484 globosam,
832 2397 875 2459 ut
890 2382 1178 2484 perfectissimam
1193 2401 1195 2406 '

108 2499 231 2600 judicio
248 2517 414 2578 veterum
427 2505 469 2556 ⁶⁵
494 2519 531 2577 et
552 2506 711 2579 sensibus
726 2521 1013 2597 consentaneam,
1027 2526 1179 2602 eamque

109 2623 286 2724 inplures
304 2624 422 2702 divisit
444 2629 603 2725 regiones
626 2628 722 2704 varie
750 2639 961 2726 temperatas
982 2627 1039 2698 66.
1058 2625 1179 2698 Finxit
1216 2623 1226 2658 '¹

137 2817 190 2880 (63)
225 2819 260 2872 ef
274 2836 341 2890 quae
351 2817 385 2871 de
395 2818 566 2872 astronomiae
577 2819 663 2872 studio
672 2817 736 2872 dicit
745 2817 863 2872 Platoris
874 2820 939 2888 Rep.
950 2835 976 2888 p.
986 2817 1035 2888 5²9
1044 2835 1083 2889 cqc

137 2906 189 2974 (dl)
224 2907 574 2969 Aristot.deCoelo.ll,13.
757 2910 761 2918 '

139 2995 192 3062 (65)
226 2998 263 3050 cf.
281 2999 509 3059 commentarium,
528 3014 606 3068 supra
623 3017 650 3069 p.
671 3015 727 3068 ¹⁰9·

140 3085 195 3152 (66)
229 3087 294 3138 Item
307 3089 452 3140 summatim
468 3099 574 3139 enarrat
590 3087 730 3152 stebecna,
746 3093 821 3159 cujus
835 3089 915 3142 verba
927 3107 979 3141 uon
991 3087 1181 3140 incommodum

111 3174 157 3226 erit
179 3175 223 3228 hio
245 3176 347 3244 integra
368 3177 477 3246 opponis
501 3177 623 3244 leguntur
646 3177 672 3228 in
693 3177 754 3230 Ecll.
771 3179 844 3244 Phys.
862 3180 888 3238 1,
916 3179 962 3240 as,
991 3196 1010 3230 ι.
1037 3197 1065 3246 p.
1080 3180 1128 3240 482
1145 3193 1184 3246 tq.

111 3263 288 3336 Παρμενίδης
306 3269 444 3330 στεφάνας
461 3261 533 3321 εἶναι
553 3267 812 3336 περιπεπλεγμένας
826 3268 1012 3336 ἐπαλλήλους,
1027 3274 1080 3337 την
1091 3267 1141 3332 μὲν
1153 3270 1184 3320 lu

111 3363 159 3411 τοῦ
183 3361 298 3430 ίραιοῦ,
323 3363 375 3428 την
397 3359 430 3412 δί
452 3362 482 3414 ἔν
501 3363 553 3413 τοῦ
572 3363 693 3422 πυκνοῦ,
712 3363 809 3424 μιντας
828 3359 860 3413 dl
879 3361 1116 3424 &illucescentis
1136 3362 1184 3412 ναί
1233 3390 1237 3396 -

113 3453 222 3510 σείτους
229 3453 335 3517 μεταξὺ
345 3451 464 3506 τοίνυν·
473 3456 521 3506 ναί
532 3457 565 3506 τὸ
574 3455 708 3522 περιίγον
719 3452 750 3506 dl
761 3457 849 3514 πάσας
860 3459 972 3523 τείχους
979 3456 1062 3522 δίκην
1072 3455 1185 3522 στερεὸν

114 3541 260 3614 sceptra,
280 3541 327 3620 ὑφ’
345 3530 365 3616 ᾧ
383 3547 514 3618 πυρώδης
533 3548 655 3614 στεφάνη
674 3563 682 3579 ·
700 3547 748 3597 sul
766 3549 798 3598 τὸ
816 3553 984 3611 μεσαίτατον
1004 3540 1097 3599 πασῦν
1119 3546 1187 3614 περί

113 3619 240 3690 &usur
256 3637 406 3709 πυρώδης·
419 3645 474 3695 τῶν
489 3642 522 3696 sl
541 3642 681 3718 συμμιγΐιν
705 3645 758 3710 τὴν
774 3644 943 3710 μεσαιτάτην
963 3641 1080 3698 άπάσαις
1102 3639 1188 3688 τονία

115 3725 189 3794 (vnk-
217 3749 251 3785 τε
286 3731 345 3804 ναί)
367 3737 455 3804 πάσης
482 3739 610 3804 εινησεος
629 3737 677 3786 ναί
695 3736 824 3801 γενίσειις
842 3733 990 3803 ὑπάρχειν,
1013 3737 1113 3800 ίίντινα
1139 3729 1188 3780 ναί

121 3819 239 3887 δαίμονα
250 3827 299 3878 ναί
308 3831 483 3898 κυβερνήτην
499 3830 546 3878 ναί
556 3817 713 3897 κληροῦχον
724 3825 823 3896 (polius
837 3825 1003 3898 κλῃδοῦχον)
1012 3829 1190 3892 ἐπονομάζει,

117 3911 196 3982 δίνην
213 3935 247 3972 τε
266 3921 314 3970 ναί
331 3920 461 3988 ίνίγνην.
488 3921 549 3972 Καί
559 3928 608 3989 τῆς
619 3921 672 3986 μίν
681 3926 730 3991 γῆς
742 3925 794 3990 τὴν
806 3921 947 3990 ἀπίνριοιν
965 3915 1037 3975 εἶναι
1049 3924 1096 3973 τὸν
1108 3922 1189 3989 ἀέρα,

118 4006 162 4060 διὸ
170 4015 222 4082 την
230 4013 394 4083 βιαιοτίραν
404 4013 490 4084 αὐτῆς
498 4018 708 4081 ίεανμισθίντο
716 4015 827 4082 πίλησιν
838 4033 845 4048 ·
857 4017 907 4066 τοῦ
917 4013 949 4068 ol
962 4015 1191 4083 resspbc'dvnurolp

120 4100 165 4153 ‘lv
179 4105 258 4170 ἣλιον
272 4109 320 4160 ναί
336 4110 386 4160 τίν
398 4109 536 4176 γαλαξίαν
556 4110 657 4162 stator
674 4128 681 4146 ·
699 4115 820 4178 συμμιγῆ
839 4107 867 4162 δ’
886 4100 912 4170 lt
931 4111 1032 4174 ἀμφοΐν
1050 4104 1122 4163 εἶναι
1139 4115 1190 4178 τὴν

930 4202 1014 4276 16·
