2840 4820
719 391 728 404 .
742 349 932 398 fflffll’lfflss!

776 521 892 587 mv.

383 677 466 758 'Hta
492 668 520 746 δ’
546 683 618 747 ἑπτά
642 671 666 744 τ’
690 676 758 748 ἔασι
782 683 833 746 καὶ
854 669 978 762 ἑξήκοντ’
1001 683 1119 748 ἐνιαυτοὶ

438 786 647 877 βληςρίζοντες
668 790 739 875 ἐμὴν
762 775 885 880 φροντίδ’
909 774 955 854 ἀν’
975 779 1109 854 Ἐλλάδα
1133 799 1201 877 γῆν·

390 901 425 966 ἐκ
449 909 566 988 γενετῆς
586 891 619 961 δὲ
641 883 698 960 τότ’
720 884 796 968 ἦσαν
820 887 922 960 ἐείκοσι
943 899 1029 959 πέντε
1052 915 1085 957 τε
1108 895 1175 986 πρὸς
1198 911 1277 982 τοῖς,

437 1009 517 1098 εἴπερ
539 1002 597 1094 ἐγὼ
621 1001 687 1093 περὶ
708 989 794 1066 τῶνδ’
811 993 874 1066 οἶδα
899 999 995 1090 λέγειν
1017 1003 1135 1088 ἐτυμῶς.

289 1196 385 1270 Haec
406 1195 500 1269 dicta
514 1222 533 1266 a
549 1191 709 1294 Diogene
725 1191 840 1265 Laert.
857 1192 924 1284 IX,
949 1217 1010 1292 19,
1028 1189 1173 1265 laudata
1192 1193 1312 1269 valent
1327 1195 1367 1270 ad

289 1313 444 1376 aetatem
457 1301 569 1400 ipsius
584 1311 621 1372 et
632 1299 742 1374 vitam
756 1297 1009 1372 declarandam
1025 1299 1134 1372 :dicit
1151 1326 1188 1374 se
1208 1328 1229 1372 a
1248 1303 1366 1400 quinto

290 1409 432 1484 circiter
444 1421 481 1481 et
499 1407 665 1483 vicesimo
691 1431 787 1478 anno
808 1407 958 1504 negotiis
976 1405 1177 1505 studiisque
1193 1407 1301 1481 fuisse
1319 1409 1366 1479 in-

287 1529 460 1589 tentum:
480 1539 554 1614 quo
577 1513 826 1612 significaverit
843 1513 987 1586 sortasse
1008 1512 1101 1586 illud
1120 1525 1285 1612 tempus,
1301 1540 1366 1616 quo

286 1621 438 1722 reliquit
462 1621 641 1720 patriam,
666 1618 803 1691 abhoc
832 1631 956 1692 autem
980 1631 1142 1718 tempore
1167 1621 1213 1693 ad
1237 1647 1365 1694 annum

288 1731 412 1814 aetatis
433 1729 591 1802 alterum
611 1741 648 1801 et
663 1727 936 1826 nonagesimum
958 1727 1233 1826 cogitationibus
1248 1742 1284 1804 et
1306 1757 1365 1804 cu-

202 1925 205 1936 ,
285 1839 334 1912 ris
362 1837 470 1912 fuisse
496 1837 681 1935 agitatum.
709 1835 740 1906 E
764 1861 936 1936 quonon
959 1837 1106 1910 videtur
1131 1835 1225 1910 effici
1253 1863 1363 1936 posse,

285 1945 383 2048 quod
397 1943 568 2018 nonnulli
592 1955 789 2042 putarunt,
807 1969 894 2017 eum
915 1969 1022 2017 omne
1039 1943 1107 2017 hoc
1130 1957 1276 2044 tempus
1294 1972 1363 2046 per-

284 2053 448 2156 agrandis
471 2051 644 2126 Graeciae
668 2051 873 2126 civitatibus
896 2051 1114 2150 transegisse.
1147 2051 1248 2147 Quid
1277 2055 1363 2126 enim

283 2161 391 2234 illum
414 2157 604 2256 impediit,
633 2158 868 2249 etiamtum,
892 2183 1012 2256 quum
1027 2157 1154 2232 stabile
1179 2172 1305 2234 nactus
1322 2186 1363 2232 es

283 2279 337 2341 set
360 2265 611 2354 domicilium,
634 2275 758 2338 mente
781 2275 903 2350 tamen
926 2268 1053 2362 agitari
1074 2279 1113 2340 et
1136 2268 1241 2368 quasi
1267 2291 1362 2366 pere-

282 2373 418 2474 grinari
431 2367 644 2444 Graeciam?
656 2369 885 2468 Quamquam
900 2367 942 2442 ἀν’
953 2371 1086 2446 Ἐλλάδα
1100 2391 1153 2468 γῆν
1171 2399 1247 2446 non
1257 2371 1361 2446 solum

276 2507 348 2578 per
372 2477 561 2554 Graeciam
586 2477 647 2550 sed
673 2477 782 2550 etiam
799 2485 840 2550 in
857 2475 1008 2552 Graecia
1026 2480 1217 2579 significat,
1231 2493 1268 2554 et
1284 2484 1361 2578 pod-

280 2589 353 2662 tice
378 2585 527 2685 quidem
550 2585 660 2658 etiam
690 2583 857 2684 inaliqua
875 2581 1239 2686 Graeciaeregione,
1258 2585 1362 2664 veluti

281 2692 385 2768 Italia
410 2705 476 2768 aut
499 2691 630 2766 Sicilia.

330 2841 524 2914 Caeterum
552 2865 598 2912 ex
626 2837 681 2912 his
709 2837 813 2911 dictis
845 2837 937 2910 nihil
966 2852 1110 2937 praeter
1142 2839 1360 2940 Xenophanis

281 2961 436 3024 aetatem
456 2947 547 3021 ellici
563 2946 664 3038 littet3
684 2971 756 3044 qna
780 2960 903 3020 autem
927 2947 1159 3048 Olympiade,
1182 2975 1257 3048 quo
1275 2973 1359 3021 anno

280 3060 369 3134 haec
397 3057 443 3130 de
468 3081 507 3128 se
538 3057 871 3130 commemoraverit
894 3081 967 3128 non
995 3055 1122 3154 liquet.
1152 3055 1305 3156 Scaliger
1320 3053 1357 3125 ad

281 3163 414 3240 Euseb.
440 3162 563 3236 chron.
589 3187 626 3260 p.
648 3159 715 3260 96,
739 3162 827 3237 haec
854 3188 940 3236 eum
965 3161 1110 3262 Olymp.
1140 3161 1207 3252 60,
1235 3164 1305 3235 duo
1327 3171 1358 3232 et

281 3271 476 3370 nonaginta
496 3281 781 3357 annoanatum,
811 3271 987 3370 scripsisse
1013 3269 1126 3368 ponit.
1156 3267 1358 3346 Feuerlinus

280 3407 366 3460 vero
389 3377 542 3452 eandem
566 3375 818 3478 Olympiadem
835 3379 874 3450 in
887 3379 1099 3454 vicesimum
1118 3377 1193 3454 fere
1213 3381 1291 3474 ejus
1308 3399 1357 3448 ae-

280 3489 364 3561 tatis
376 3510 514 3562 annum
530 3483 693 3560 incidisse
707 3497 813 3582 putat
832 3511 840 3556 :
858 3483 903 3557 cl.
916 3484 1050 3560 Fabric.
1064 3481 1156 3562 Bibl.
1175 3483 1238 3558 Gr.
1257 3485 1293 3556 T.
1310 3480 1355 3572 Il,

280 3727 393 3791 XXIV.
417 3724 529 3810 Septem
550 3727 607 3810 jam
629 3739 657 3786 et
675 3727 820 3808 sexaginta
840 3729 1009 3803 curtenai,

412 3821 460 3899 qni
481 3840 525 3879 me
546 3817 762 3899 cogitationibus
778 3819 907 3898 curisque
926 3819 1066 3880 intentum
1081 3839 1132 3901 per
1146 3820 1289 3881 Graeciam
1303 3815 1353 3895 agi-

1280 3916 1351 3982 tant,

410 4013 492 4061 natus
513 4011 684 4064 autentum
705 4019 780 4060 eram
800 4001 922 4080 quinque
944 4013 972 4062 et
992 3997 1093 4084 'viginti
1112 4023 1220 4076 annos,

411 4093 436 4151 si
456 4090 574 4155 vereda
594 4090 638 4152 his
651 4111 701 4174 ego
716 4091 820 4173 possim
840 4092 952 4154 referre.
