2942 4830
512 447 751 498 ruinosum.
1101 436 1164 503 259

99 641 229 715 vapore
250 629 287 690 et
306 639 506 718 compressu
527 643 592 690 suo
614 617 757 712 fovisse,
783 641 828 690 ex
849 617 962 718 iisque
983 615 1168 693 hominum

95 739 199 838 quasi
220 751 373 836 segetem
396 763 603 835 procreasse.
634 737 743 830 Inde,
760 752 804 812 ut
827 739 875 810 ait
896 737 1067 838 Virgilius
1087 753 1165 833 ¹¹0,

194 858 338 956 Igneus
362 871 416 930 ear
438 859 523 932 ollis
549 861 655 958 vigor
680 873 717 931 et
736 861 902 932 coelestis
928 861 1042 958 origo.

143 979 239 1053 Huic
267 980 393 1054 rationi
422 996 653 1054 consentanea
684 995 769 1054 sunt
794 1003 888 1082 quae
919 979 964 1055 de
988 981 1166 1058 humanae

84 1099 248 1175 ¹naturae
269 1101 466 1200 primordiis
484 1116 705 1177 commentus
721 1127 794 1176 esse
811 1103 973 1177 traditur.
1025 1107 1106 1196 Qua
1122 1105 1167 1177 de

94 1247 135 1294 re
146 1221 365 1296 Parmenidis
380 1221 505 1296 eadem
517 1223 592 1296 fere
603 1237 711 1322 atque
722 1223 944 1324 Empedoclis
955 1223 1027 1297 fuit
1035 1225 1167 1324 opinio,

93 1343 178 1442 qui,
193 1357 236 1415 ut
257 1344 367 1416 refert
387 1341 621 1434 Censorinus,
638 1345 799 1420 homines
810 1371 928 1420 rerum
940 1347 1111 1446 principio
1121 1349 1170 1419 ita

94 1463 268 1536 exstitisse
285 1465 389 1538 linxit
403 1477 415 1512 ¹
428 1477 439 1512 ²
451 1477 480 1535 1:
505 1467 647 1564 »primo
665 1465 831 1551 ¹membra
854 1466 992 1566 singula
1014 1482 1169 1541 exterra

94 1584 230 1684 »quasi
253 1600 470 1684 praegnante
491 1589 620 1686 passim
642 1587 750 1680 edita,
774 1587 903 1662 deinde
924 1587 1090 1689 (dispersa
1111 1587 1171 1662 illa

93 1705 288 1779 »membra
320 1707 504 1806 paullatim
531 1711 569 1780 in
597 1709 733 1806 unum)
766 1711 892 1802 coisse,
924 1725 961 1784 et
998 1708 1172 1809 (tandem)
1205 1765 1213 1774 .

95 1827 282 1902 »effecisse
316 1827 415 1901 solidi
449 1828 602 1902 hominis
635 1831 837 1924 materiam,
876 1832 948 1930 igni
983 1831 1091 1904 simul
1135 1844 1172 1903 et

94 1949 282 2023 »humore
299 1949 539 2048 permistam.’'
569 1953 622 2023 lta
635 1951 1003 2050 Empedocles3atque
1016 1951 1170 2024 »eadem

94 2071 237 2165 abaco,
267 2073 407 2171 inquit,
436 2071 553 2168 opinio
586 2074 693 2144 etiam
721 2073 760 2144 in
790 2073 1004 2147 Parmenide
1033 2071 1170 2144 Veliate

94 2195 222 2285 afuit,
256 2192 418 2291 pauculis
456 2195 610 2291 exceptis
647 2193 691 2266 ab
724 2193 937 2293 Empedocle
974 2185 1169 2266 dissensis.''

94 2313 255 2386 Paucula
277 2316 340 2387 ista
358 2315 396 2385 in
417 2339 459 2386 eo
481 2291 590 2410 posita
616 2313 806 2406 videntur,
827 2313 926 2414 quod
943 2313 1170 2388 Parmenides

94 2438 218 2510 minus
249 2433 409 2508 fabulose
441 2433 693 2533 artificioseque
723 2434 951 2508 humanitatis
979 2431 1169 2530 primordia

93 2557 332 2648 enarraverit,
355 2581 464 2657 quam
480 2555 564 2628 fecit
576 2553 820 2652 Empedocles,
844 2551 949 2651 cujus
971 2566 1169 2624 commenta

93 2681 212 2751 mirati
223 2691 310 2751 sunt
320 2677 443 2770 multi,
457 2676 579 2773 pauci,
597 2687 743 2770 excepto
756 2673 927 2770 Epicuro,
942 2673 1064 2744 secuti.
1104 2672 1168 2746 Ille

92 2803 263 2876 universe
285 2813 428 2872 tantum
446 2797 586 2873 linxisse
608 2792 769 2884 videtur,
788 2793 919 2890 primos
930 2806 1079 2865 naturae
1092 2792 1169 2868 hu-

91 2947 223 2994 manae
235 2921 330 2994 fetus
342 2919 450 2993 rudes
462 2917 572 2991 fuisse
590 2933 626 2992 et
644 2915 834 3006 informes,
851 2911 1033 3011 paullatim
1046 2929 1168 2988 autem

91 3041 254 3116 excultos
284 3039 429 3114 tandem
463 3038 507 3110 ad
541 3039 675 3110 formae
704 3035 883 3108 humanae
913 3035 1167 3132 perfectionem

91 3165 307 3261 pervenisse.
356 3159 536 3234 Putabant
557 3159 654 3231 enim
676 3171 831 3247 veteres,
858 3167 1039 3248 naturam,
1065 3167 1108 3227 ut
1128 3155 1168 3227 iu

91 3284 274 3384 plerisque
301 3281 409 3356 rebus
435 3280 628 3355 formandis
659 3307 679 3352 a
706 3277 823 3376 parvis
842 3299 1031 3372 progressa
1058 3275 1167 3346 initiis

90 3403 279 3503 paullatim
306 3402 350 3476 ad
378 3402 506 3504 majora
523 3403 572 3476 'et
598 3399 766 3499 ampliora
787 3395 922 3490 tendit,
943 3395 1100 3467 similiter
1127 3397 1166 3467 iu

90 3524 318 3626 procreandis
346 3523 549 3598 hominibus
573 3537 609 3597 et
638 3517 848 3594 animalibus
863 3517 983 3616 'primo
1002 3517 1167 3614 specimi-

91 3673 141 3719 na
162 3643 311 3718 edidisse
334 3644 495 3718 inchoata
511 3641 773 3741 etimperfecta,
796 3665 888 3739 quae
909 3638 1093 3737 paullatim
1104 3665 1168 3712 or·-

91 3781 177 3841 nata
196 3781 232 3840 et
246 3781 350 3841 aucta
369 3765 514 3839 tandem
536 3763 579 3838 ad
593 3763 845 3862 perfectionem
860 3774 976 3834 essent
988 3758 1168 3858 perducta.

126 3959 203 4028 (rro)
236 3957 325 4024 Virgil.
347 3957 466 4019 ten.V1,
485 3956 540 4021 730.

125 4053 201 4118 (rar)
235 4049 367 4102 Censorio.
390 4047 423 4100 de
439 4045 487 4100 nie
503 4055 557 4099 nat
575 4065 597 4099 o.
616 4047 658 4100 tv.
692 4049 762 4108 Quos
783 4047 855 4097 rtncir
876 4044 973 4098 inclusa
991 4050 1064 4106 suot,
1083 4041 1168 4113 expli·

92 4141 168 4194 tandi
186 4139 268 4207 gratia
285 4137 378 4190 addidi.

962 4227 1025 4324 17*
