2840 4820
274 365 320 431 06
725 387 920 431 xnnosuurus

273 538 309 611 h.
325 537 349 610 l.
376 539 561 610 libidinum
581 545 760 610 insanium
784 539 858 613 sive
886 539 1092 611 demenlinm
1117 551 1226 610 notat.
1252 541 1380 634 Lydos

273 659 397 720 autem
416 644 562 720 luxuria
577 645 760 743 quondam
777 645 930 744 insignes
960 646 1068 718 fuisse
1092 659 1272 720 testantur
1296 653 1379 720 He·

272 753 348 826 rod.
373 752 407 844 Ι,
433 751 493 851 94.
520 751 730 825 Athenaeus
753 752 844 843 XII,
870 778 907 850 p.
935 750 1023 844 5¹15,
1047 753 1088 824 Ε,

320 927 370 976 W·
396 925 428 972 ²·
443 897 602 983 ἦσὰνᾶνεν
624 919 757 998 wenis.
780 902 834 974 Ita
852 877 1009 974 Dindorf
1032 901 1195 974 codicum
1209 903 1380 1003 vestigijs

270 1009 403 1082 ductus
428 1009 567 1106 scripsit
592 1033 657 1106 pro
681 1007 780 1108 vulg.
808 1007 883 1092 ἦσαν
907 1017 954 1083 ἐπὶ
976 1029 1110 1107 ςυρερῆς.
1136 1011 1234 1092 Dum
1257 1009 1379 1084 liberi

269 1115 389 1190 adhuc
407 1127 523 1188 essent
541 1113 770 1213 Colophonii,
790 1114 984 1190 luxuriosis
1007 1117 1061 1188 his
1079 1117 1239 1192 moribus
1260 1119 1377 1191 fracti

268 1235 381 1316 sunt,
407 1245 524 1320 eaque
554 1222 626 1295 fuit
651 1247 757 1298 causa
794 1237 839 1298 ut
875 1249 959 1297 mox
984 1223 1190 1298 libertatem
1210 1227 1375 1318 lamise-

268 1331 354 1402 rint.
382 1329 557 1427 Diogenes
582 1328 706 1428 Babyl.
730 1331 829 1428 apud
854 1329 985 1405 Athen.
1011 1331 1048 1405 h.
1074 1331 1098 1403 l.
1125 1334 1173 1403 διὰ
1195 1343 1246 1417 τὴν
1272 1341 1376 1404 τοιαύ-

267 1465 320 1521 την
355 1443 473 1533 ιἰγωγὴν
507 1447 537 1509 ἐν
561 1437 707 1534 τυραννίδι
734 1445 784 1508 καί
811 1451 932 1510 στάσεσι
963 1450 1107 1536 γενόμενοι
1138 1441 1212 1535 αὐτῇ
1243 1444 1375 1539 πατρίδι

267 1547 484 1644 διεφθάρησαν.
516 1545 586 1615 Pro
616 1556 765 1642 τυραννίης
794 1548 933 1620 correxi
963 1559 1152 1644 τυραννείης5
1184 1559 1229 1619 ut
1255 1578 1375 1645 nepopis·

265 1658 351 1734 θείην
376 1652 501 1750 fragm.
528 1651 626 1723 XXI.
661 1663 751 1724 extr.

316 1811 366 1862 VS.
383 1784 417 1856 3.
443 1787 646 1882 παναλουργέα
659 1823 708 1840 -·
720 1792 855 1878 χαίτῃσιν
867 1787 1070 1879 ἀγαλλόμεναι.
1085 1785 1277 1882 Purpurea
1291 1809 1373 1860 ves·

266 1893 328 1985 tis,
341 1891 450 1964 comti
462 1890 582 1989 capilli
596 1890 867 1965 luxuriosorum
879 1890 1108 1964 habebantur
1123 1919 1130 1963 :
1146 1892 1190 1964 cf.
1207 1915 1307 1991 quae
1320 1891 1371 1965 de

266 1997 439 2100 Sybaritis
448 1997 534 2072 dicit
547 1997 712 2070 Timaeus
724 1998 822 2096 apud
834 1998 1065 2072 Athenaeum
1079 1999 1158 2090 XII,
1170 2025 1203 2098 p.
1222 1997 1312 2071 522.
1322 2001 1369 2071 A.

262 2119 303 2181 'et
329 2107 374 2180 de
400 2105 682 2179 Atheniensium
709 2103 804 2177 luxu
832 2104 1039 2178 Heraclides
1066 2106 1172 2180 Pont.
1199 2105 1289 2180 ibid.
1329 2131 1368 2205 p.

267 2213 359 2306 512,
388 2213 428 2284 B.
454 2225 492 2286 et
518 2212 617 2310 apud
632 2210 775 2284 Aelian.
801 2213 844 2284 V.
871 2212 915 2282 H.
940 2211 1012 2304 lv,
1038 2239 1096 2284 22.

314 2398 363 2446 vs.
390 2371 425 2463 4.
452 2373 553 2462 χίλια.
574 2369 785 2444 Athenaeus
803 2367 839 2442 h.
863 2363 887 2440 l.
918 2371 1082 2464 Θεόπομπος
1106 2363 1135 2441 δ’
1154 2375 1183 2440 ἐν
1205 2399 1368 2444 πεντεκαι-

263 2481 371 2571 δεκάτῃ
395 2488 508 2572 ίςσριῶν
532 2477 640 2568 χιλίσυς
665 2485 747 2574 φησίν
771 2477 884 2573 ἄνδρας
908 2479 1001 2546 αὐτῶν
1026 2481 1173 2575 ἁλωργεῖς
1197 2492 1369 2576 pupeienus

263 2588 370 2664 στόλας
384 2587 548 2668 άςυπαλεῖν.
565 2581 665 2680 quod
681 2581 933 2680 Theopompus
943 2583 1087 2656 fortasse
1101 2611 1121 2655 a
1134 2581 1369 2684 Xenophane

263 2691 401 2763 sumsit.
434 2687 579 2760 Mirifice
609 2699 733 2761 autem
762 2685 871 2762 [alsus
896 2701 949 2762 est
974 2687 1067 2762 doct.
1096 2687 1287 2784 Wichers,
1323 2696 1368 2767 in

263 2796 484 2895 Theopompi
497 2795 629 2892 fragm.
642 2819 725 2893 129,
743 2793 935 2871 Animadv.
953 2823 988 2894 p.
1006 2819 1094 2886 201,
1114 2819 1232 2895 quum
1249 2799 1365 2894 haec,

262 2929 357 3002 quae
381 2903 447 2976 ille
471 2903 517 2976 de
542 2901 771 3000 Colophoniis
795 2901 908 2996 dixit,
934 2901 978 2975 ad
1004 2901 1118 3002 Lydos
1141 2904 1296 3000 retulit,
1324 2921 1367 2982 et

262 3010 483 3109 Theopompi
507 3009 601 3081 dicta
629 3034 716 3080 cum
741 3008 909 3108 Diogenis
934 3009 1121 3110 Babylonii
1144 3011 1246 3085 dictis
1271 3040 1363 3088 con-

262 3120 370 3194 fudit.
386 3163 436 3175 —-
451 3130 489 3198 ὡς
515 3125 618 3191 ἐπίπαν
631 3117 778 3216 scripsi,
806 3115 982 3192 suadente
1009 3119 1332 3219 Schweighiiusero
1350 3181 1361 3218 ,

261 3253 328 3325 pro
343 3237 516 3316 steininen,
532 3239 681 3324 propter
693 3223 824 3298 Graeci
838 3227 1011 3299 sermonis
1024 3227 1336 3304 consuetudinem
1351 3262 1360 3306 :

260 3334 333 3407 vid.
361 3333 575 3432 Hoogeveen
600 3333 646 3407 de
663 3333 787 3431 partic.
813 3357 847 3408 v.
877 3345 931 3426 ὡς,
947 3359 982 3432 p.
1009 3331 1090 3406 580.
1119 3333 1212 3433 Lips.
1239 3337 1363 3413 Voces

261 3453 299 3521 ὡς
317 3453 354 3515 et
378 3451 417 3521 εἰς
441 3465 552 3538 quam
576 3439 702 3514 crebro
729 3453 960 3539 permutatae
982 3441 1081 3534 sint,
1106 3455 1250 3540 praeter
1267 3445 1362 3520 alios

260 3561 385 3622 monet
406 3547 618 3621 Schaeferus
635 3547 679 3620 ad
698 3545 847 3646 Gregor.
871 3546 1009 3622 dialect.
1035 3575 1070 3647 p.
1097 3549 1142 3620 23
1162 3577 1214 3649 sq.
1237 3565 1276 3624 et
1292 3555 1358 3652 78.

259 3653 426 3730 Dubium
442 3683 545 3749 vero,
564 3667 693 3730 utrum
711 3667 749 3734 ὡς
764 3655 873 3726 ἐπίπαν
893 3679 978 3728 cum
1005 3655 1243 3752 praecedente
1262 3665 1358 3752 χιλία

260 3760 372 3857 (mille
389 3765 549 3850 omnino)
564 3787 611 3835 an
629 3787 713 3836 cum
732 3763 898 3862 sequenti
921 3765 1060 3856 αὐχαλέοι
1080 3764 1357 3862 (utplurimum

259 3870 428 3966 superbi)
453 3871 587 3943 rectius
617 3871 844 3969 jungendum
874 3871 929 3942 sit.
964 3871 1095 3968 Herod.
1121 3871 1258 3964 v1,46
1285 3901 1293 3944 :
1324 3885 1357 3948 τὸ

258 3979 362 4044 ἐπίπαν
386 3977 547 4070 ὀγδώκοντα
571 3981 703 4048 τάλαντα
727 3989 837 4075 προςήίε
857 3979 959 4050 :VII
992 3975 1058 4078 157
1081 4003 1089 4049 τ
1109 3982 1150 4075 τῷ
1170 3981 1202 4051 δὲ
1227 3977 1261 4052 ei
1283 3985 1355 4068 βσα

258 4082 396 4151 λευθέντι
408 4093 559 4180 πρήγματι
572 4088 689 4168 τελευτὴ
702 4097 740 4164 ὡς
751 4093 782 4154 τὸ
800 4093 903 4159 ἐπίπαν
916 4096 1017 4184 χρηςὴ
1033 4091 1131 4160 taeter
1147 4095 1349 4184 ἐπιγίνεσθαι.
