2924 4820
310 359 373 426 rat
718 379 756 421 ns
780 379 970 422 resonamus

302 555 357 604 res
379 528 550 603 Eleaticos
571 529 818 622 transferrent,
834 543 871 604 et
894 557 913 602 a
930 531 1148 627 Xenophane
1172 530 1366 630 disciplinae

301 635 412 732 hujus
439 637 585 708 initium
609 648 841 732 repeterent,
874 639 1081 734 praesertim
1107 663 1193 711 cum
1215 641 1364 736 sceptici,

300 757 373 844 qu'o
401 749 572 840 maj0rem
603 743 669 816 sibi
693 743 923 818 conciliarent
947 745 1219 836 auctoritatem,
1236 745 1366 819 nobilis-

299 851 431 924 simum
449 874 632 948 quemque
654 862 819 925 veterum
841 850 936 922 inter
957 875 1042 923 suae
1064 849 1269 947 disciplinae
1288 877 1366 924 auc·

300 969 391 1031 tores
409 969 446 1029 et
464 954 622 1028 aemulos
639 956 827 1029 studerent
846 981 1040 1030 numerare
1057 968 1091 1027 ²⁰.
1113 958 1247 1032 Eadem
1259 985 1366 1032 caussa

300 1061 553 1160 explicandum
578 1061 675 1158 quod
694 1061 842 1158 quidam
860 1060 1063 1133 dialecticae
1087 1063 1171 1134 artis
1198 1077 1366 1136 auctorem

299 1195 385 1244 eum
403 1168 663 1242 existimarunt.
688 1166 795 1260 Quod
814 1168 843 1238 si
859 1167 908 1238 ita
926 1165 1172 1266 intelligatur,
1198 1169 1367 1267 Xenopha-

298 1301 382 1348 nem
416 1274 455 1344 in
490 1273 614 1371 primis
648 1271 940 1370 philosophorum
974 1273 1107 1366 fuisse,
1146 1277 1211 1372 qui
1245 1277 1367 1348 ratione

298 1383 344 1456 de
381 1379 456 1452 Deo
487 1377 755 1477 philosophatus
785 1381 853 1467 sit,
887 1392 1002 1478 potest
1035 1381 1202 1479 probari,
1230 1383 1258 1454 si
1294 1407 1367 1458 vero

299 1489 535 1587 significetur,
555 1485 774 1559 dialecticam
794 1500 908 1560 artem
925 1487 972 1560 ab
992 1487 1054 1560 illo
1085 1501 1230 1563 auctore
1253 1489 1366 1563 condi-

298 1608 372 1667 tam
392 1618 484 1681 esse,
510 1593 660 1665 minime
671 1592 907 1690 probandum
925 1607 987 1667 est.
1012 1596 1066 1668 Ita
1080 1607 1202 1672 tamen
1215 1595 1366 1670 nonnulli

299 1701 505 1776 voluerunt.
546 1701 675 1773 Seruis
705 1702 956 1798 Empiricus²¹
985 1719 1081 1773 :roo
1120 1707 1153 1774 at
1189 1705 1286 1797 διμερῆ
1324 1716 1365 1787 τὴν

299 1812 500 1940 φιλοσοφίαν
486 1815 730 1900 υποςησαμένωι,
758 1810 916 1906 Ξενοφάνης
944 1813 998 1902 μὲν
1026 1821 1041 1878 ὁ
1068 1814 1241 1909 Κολοφώνιος
1275 1817 1303 1882 τὸ
1325 1840 1365 1907 pa

297 1917 376 1982 σικὸν
415 1913 480 2004 ἅμα
508 1917 558 1980 και
592 1913 726 2006 λογικὸν,
753 1926 791 1992 ὡς
819 1923 893 2011 φασί
929 1941 1023 2003 τινες,
1056 1927 1226 2014 μετήρχετο.
1260 1915 1365 1988 Etlsll-

298 2043 360 2091 cae
391 2041 537 2114 quoque
568 2017 652 2088 artis
686 2043 772 2090 eum
794 2031 978 2092 auctorem
1005 2021 1089 2093 facit
1111 2021 1364 2096 Aristocles&

301 2123 509 2222 Eeaoqolanadi
534 2129 584 2190 καὶ
605 2132 626 2190 ιι·
645 2118 695 2193 ἀπ
719 2131 825 2210 exerta,
851 2130 911 2201 τοὺς
936 2129 1073 2221 ε’ριςιιώς
1095 2140 1261 2208 κινήσαντες
1284 2132 1366 2222 λόγως

299 2232 385 2300 πολὺν
403 2231 456 2318 μὲν
481 2229 621 2312 ἐνέβαλον
643 2233 752 2323 lluy'ydu
773 2247 828 2307 τοῖς
853 2233 1021 2328 φιλοσόφοις,
1046 2235 1146 2326 ulpian
1172 2232 1364 2330 (inserend.

300 2334 381 2406 fort.
422 2333 528 2430 ἀλλὰ)
556 2338 687 2429 ἑιιόρισάι
716 2344 750 2429 γε’
784 2365 847 2405 τινα
878 2337 1033 2420 βοήθειαν.
1060 2339 1239 2412 Nimirum
1264 2363 1365 2437 quum

298 2437 533 2536 Xenophanis
548 2449 584 2511 et
602 2439 821 2512 Parmenidis
838 2443 938 2530 ratio,
959 2468 1030 2540 qua
1056 2443 1101 2517 de
1125 2458 1253 2518 natura
1269 2444 1366 2516 disse·

71 2589 75 2596 -
165 2619 171 2632 ,
298 2548 474 2634 ruissent,
500 2543 664 2616 subtilior
696 2559 786 2620 esset
811 2559 848 2620 et
873 2548 1088 2643 abstrusior,
1117 2577 1245 2626 eorum
1270 2575 1366 2648 argu-

298 2650 577 2725 mentationibus
602 2654 813 2748 posteriores
838 2654 940 2728 abusi
963 2669 1050 2728 sunt
1073 2659 1119 2730 ad
1144 2661 1285 2731 inanem
1302 2657 1365 2728 dis-

299 2755 440 2830 serendi
468 2756 726 2848 jactationem,
758 2781 830 2855 qua
860 2758 1098 2833 obscurarunt
1130 2765 1241 2863 magis
1270 2785 1365 2860 quam

302 2861 532 2936 illustrarunt
545 2859 816 2961 philosophiam.
835 2863 941 2937 Multi
956 2865 1168 2962 hujusmodi
1185 2873 1257 2968 σοφοὶ
1276 2877 1365 2941 erant

338 3105 403 3187 (ao)
423 3105 489 3168 Vid.
508 3107 590 3187 lliog.
618 3104 710 3165 Latrt.
740 3103 804 3180 IX,
828 3127 865 3187 72
888 3125 928 3185 sq.
952 3104 1097 3188 Scepticen
1117 3107 1244 3168 subtilius
1263 3105 1366 3166 delinire

297 3207 325 3254 et
344 3195 498 3282 accuratius
517 3217 534 3256 a
556 3195 655 3256 ceteris
674 3193 827 3276 disciplinis
857 3194 1026 3274 distinguere
1047 3195 1171 3255 instituit
1192 3197 1290 3256 Sextus
1306 3193 1365 3252 En·

299 3285 404 3365 piricus
425 3285 608 3367 Pyrrhaml,
633 3305 657 3344 c.
678 3304 718 3366 29
738 3305 797 3363 sqq.

337 3375 484 3435 Caeterum
499 3396 514 3435 e
528 3373 728 3434 recentioribus
738 3417 748 3444 ,
760 3375 808 3452 qui
821 3371 855 3433 de
874 3373 925 3432 luo
946 3371 1129 3455 Xenophanis
1148 3374 1281 3435 sententia
1294 3389 1365 3450 quae-

297 3465 433 3537 siverunt,
446 3463 794 3546 Baylluseumperlectum
809 3483 897 3544 paene
915 3463 983 3522 lacit
998 3465 1158 3546 amplicem,
1175 3464 1293 3524 Diction.
1308 3460 1364 3520 Xe·

298 3555 387 3634 noph.
410 3568 468 3616 not.
495 3557 527 3616 L.
551 3554 664 3614 Hunc'
655 3575 711 3634 lam
738 3553 909 3634 redarguere
926 3555 1048 3614 instituit
1065 3555 1199 3616 Bmcker.
1221 3555 1290 3614 Hiat.
1312 3549 1366 3608 crit.

297 3643 366 3724 phil.
388 3665 417 3726 p.
442 3643 529 3722 ιι54.
554 3641 679 3703 Eandem
699 3644 889 3722 quaestionem
907 3655 1030 3704 tractant
1050 3643 1178 3704 Brendis.
1199 3665 1226 3725 p.
1248 3639 1286 3700 60
1314 3653 1364 3712 sqq

298 3733 417 3810 Cousin,
445 3755 474 3816 p.
501 3733 540 3816 87
569 3755 628 3813 sqq.
658 3754 720 3792 curn
749 3734 826 3814 cujus
851 3731 956 3814 judicio
980 3754 1072 3796 meum
1097 3735 1215 3796 maxime
1239 3725 1363 3793 concinit;

296 3821 387 3881 Ritter
412 3821 513 3884 Gesch.
535 3823 562 3884 d.
589 3821 659 3882 Phil.
684 3843 712 3904 p.
734 3821 802 3904 459

338 3937 403 4019 (ιι)
424 3937 496 4002 lde.
517 3939 609 4000 Malla.
634 3939 708 4014 Vll,
735 3937 780 4016 ι4.

337 4049 402 4129 (aa)
422 4051 522 4114 Euseb.
548 4055 643 4134 Praep.
668 4052 720 4114 Eu.
743 4051 810 4127 Xl,
834 4074 862 4133 p.
880 4052 938 4114 510
961 4056 992 4114 C.
