2870 4824
308 349 355 418 38
752 365 946 409 ιτιιοιιιιιιιε

308 542 370 594 cae
398 517 534 590 ratione
559 513 752 588 abhorrens
777 541 785 586 :
810 523 899 613 φρένα
923 511 1089 586 dicebant
1108 538 1240 586 omnem
1257 519 1391 586 meotis

309 630 489 720 animique
511 628 604 712 uim,
632 621 670 692 in
696 646 768 719 qua
794 621 905 719 posita
922 630 974 694 est
996 625 1154 714 0092·qu
1177 619 1251 692 sive
1271 629 1287 689 ὁ
1311 633 1390 699 νὼς.

308 729 366 802 Sic
391 727 598 828 Empedocli
622 753 671 800 vs.
689 729 776 826 298,
801 727 918 798 Stura.
943 724 1040 797 Deus
1068 723 1184 797 dictus
1207 736 1260 798 cst
1285 737 1391 824 φρὴν

309 847 462 935 ἱερὴ-
484 846 664 934 φροντίσι
679 844 782 928 κόσμει
805 834 922 906 ἅπαντα
947 837 1139 904 καταΐσσουσαι
1162 831 1259 927 θοῇσι.
1277 831 1394 924 Quod

308 941 447 1016 dictum
469 968 554 1016 cum
583 941 620 1012 h.
646 939 671 1012 l.
699 945 774 1037 jam
801 937 955 1012 contulit
982 937 1141 1012 Brandis.
1167 937 1276 1035 Magis
1300 935 1394 1016 vul-

309 1075 393 1149 gare
419 1050 538 1123 fuerat
566 1048 684 1124 dicere
708 1053 788 1147 ρρενῖ
812 1053 863 1118 καῖ
884 1056 949 1142 νόῳ.
979 1045 1150 1118 Dictionis
1174 1045 1325 1116 formam
1359 1045 1392 1116 si

307 1167 461 1254 spectes,
474 1153 591 1254 simile
601 1167 654 1228 cst
667 1153 899 1229 Homericum
913 1152 956 1224 Il.
972 1157 1000 1238 ξ.
1021 1151 1106 1246 288,
1121 1157 1199 1249 ἠέρος
1215 1155 1326 1249 αἰθὴρ,
1341 1148 1392 1222 al.

821 1397 877 1464 1v.

407 1584 471 1653 diu*
492 1577 520 1654 δ’
533 1591 570 1654 ἐίι
594 1583 690 1679 ταύτῷ
712 1611 744 1652 τε
764 1591 859 1676 μένειν
885 1585 1043 1673 κινούμενον
1065 1578 1166 1669 οὐδέν,

407 1689 468 1760 uidi
493 1693 701 1787 μετέρχεσθαί
711 1717 761 1782 μιν
786 1694 932 1785 ἐπιπρέπει
960 1686 1066 1756 ἄλλοτε
1090 1685 1180 1777 ἄλλῃ.

310 1881 384 1955 Ηοε
412 1908 535 1970 sersus
559 1881 686 1957 laudat
711 1880 917 1981 Simplicius
932 1883 972 1954 in
998 1881 1104 1954 Arist.
1120 1882 1222 1982 Phys.
1242 1884 1268 1956 f.
1289 1879 1326 1955 6.
1346 1881 1397 1954 Α.

310 2018 332 2063 a
368 1995 620 2088 Theophrasto,
646 2003 690 2062 ut
714 1989 877 2080 videtur,
901 2001 1100 2062 mutuatus.
1127 1991 1246 2064 Verba
1268 2001 1401 2063 autem

309 2096 408 2195 apud
432 2123 519 2170 eum
543 2097 592 2169 sic
617 2095 792 2194 leguntur
816 2123 825 2168 ε
847 2089 934 2167 sert
955 2104 985 2167 ἐν
1012 2097 1108 2194 ταύτῷ
1129 2106 1209 2191 μένει
1232 2103 1401 2193 κινούμενον

309 2207 403 2296 sidu,
431 2205 491 2275 οὐδὲ
520 2209 722 2300 μετέρχεσθαι
751 2212 823 2296 μὴν,
852 2208 910 2274 επεὶ
936 2211 1037 2300 πρέπει
1068 2205 1175 2276 ἄλλοτε
1200 2206 1291 2301 ἄλλῃ.
1319 2203 1403 2278 De-

310 2321 496 2408 pravatam
523 2311 738 2408 scripturam
763 2311 804 2380 in
830 2308 1011 2407 Simplicio
1040 2336 1147 2384 nemo
1175 2311 1400 2402 mirabitur,

311 2417 377 2513 qui
406 2417 569 2508 noverit,
598 2427 688 2516 quot
718 2415 857 2490 mendis
877 2417 965 2489 editi
982 2417 1095 2512 hujus
1123 2417 1207 2490 libri
1222 2430 1400 2494 scateant.

310 2523 525 2598 Emendatio
547 2525 587 2594 in
610 2537 757 2622 promtu
782 2536 887 2596 crat:
912 2549 978 2622 pro
1003 2535 1082 2617 μένει
1106 2527 1244 2600 correxi
1269 2537 1401 2621 μένειν,

304 2643 356 2704 'ut
379 2659 464 2705 cum
487 2633 654 2732 sequenti
679 2633 859 2705 infinitivo
882 2640 1086 2730 μετέρχεσθαι
1111 2634 1328 2734 congeneret
1362 2648 1405 2710 et

311 2739 544 2836 responderet
569 2741 767 2815 accusativo
791 2746 968 2832 κινούμενον,
992 2765 1125 2839 nempe
1147 2749 1228 2814 θεόν.
1253 2783 1304 2800 ·-
1331 2752 1402 2816 ἐπι-

311 2845 413 2941 πρέπει
436 2845 593 2941 postulat
618 2871 751 2919 sensus.
778 2847 823 2918 cf.
842 2845 987 2918 Homer.
1006 2846 1073 2918 Od.
1095 2879 1128 2918 ω.
1151 2847 1234 2920 252.
1248 2847 1400 2922 Pindar.

311 2951 416 3049 Pyth.
432 2951 534 3043 VIII,
564 2949 623 3042 46.
638 2953 694 3025 ed.
710 2951 862 3026 Boeclrh.
882 2995 931 3007 -
947 2953 1064 3025 Dictio
1089 2955 1195 3026 ἄλλοτε
1218 2955 1299 3049 ἄλλῃ
1320 2956 1406 3030 fre-

310 3082 427 3156 quens
452 3068 505 3128 est
525 3053 667 3155 podtis‚'
691 3071 735 3133 ut
759 3057 954 3157 Theognidi
978 3083 1027 3133 vs.
1068 3057 1134 3158 157
1155 3071 1192 3132 et
1208 3057 1292 3131 232.

359 3161 615 3236 Praedicantur
630 3164 717 3239 haec
734 3163 779 3238 de
802 3172 888 3258 Deo,
905 3191 1016 3263 quem
1031 3165 1167 3242 moveri
1190 3165 1403 3264 Xenopha-

310 3295 375 3343 nes
399 3283 530 3370 negat‚
561 3273 659 3371 quod
689 3271 864 3373 placitum
889 3275 982 3346 in‘fra
1005 3273 1205 3347 accuratius
1229 3273 1405 3372 explica-

310 3377 441 3452 bimus.
459 3377 553 3450 Cum
572 3378 626 3453 his
643 3381 841 3455 concinunt
858 3405 1028 3478 prorsus,
1059 3405 1153 3480 quae
1174 3389 1239 3478 περι·
1253 3395 1300 3453 τεῦ
1317 3381 1406 3464 ὄντες

310 3485 397 3560 dicit
419 3485 648 3560 Parmenides
678 3515 687 3559 ε

411 3635 512 3704 ταύτόν
538 3627 561 3702 τ’
585 3641 616 3706 ἐν
640 3635 736 3728 ταύτῷ
759 3663 792 3706 τε
816 3643 897 3730 μένεν
926 3631 1000 3706 καθ’
1023 3645 1105 3708 ἑαυτό
1129 3665 1160 3706 τε
1187 3657 1293 3710 κεῖται.

313 3970 364 4031 IV.
386 3969 500 4052 Semper
521 3969 600 4032 illurn
625 3991 737 4032 manere
757 3973 787 4032 in
806 3971 904 4033 eodem
923 3983 998 4032 statu
1013 3986 1151 4052 nusquam
1164 3991 1194 4031 se
1208 3983 1405 4052 moventem,

395 4081 448 4122 nec
464 4061 531 4124 alias
549 4061 604 4124 alIo
623 4063 691 4124 ferri
709 4083 864 4144 congruum
883 4075 933 4124 est.
