2870 4824
240 341 299 384 vm

238 491 297 568 vel
313 515 408 592 quae
425 503 501 565 arte
514 487 744 582 efficiuntur,
763 515 838 564 non
853 489 970 563 statim
991 510 1093 563 suem
1117 492 1322 590 propriam-

237 649 311 724 que
335 621 487 696 forman
509 621 735 720 exprimunt,
756 619 818 696 sed
834 621 949 720 primo
965 621 1110 696 contusa
1129 605 1321 716 videntur,

236 779 357 856 neque
374 751 547 828 distinctis
563 749 790 826 lineamentis
808 776 929 851 neque
953 753 1107 852 corporis
1119 753 1245 854 figura,
1268 755 1321 827 sic

234 859 479 986 philosophia,
506 907 625 985 quum
654 885 816 983 primum
845 897 1076 972 nasceretur,
1103 909 1205 957 suam
1232 909 1321 983 spe-

233 1015 326 1090 ciem
355 1041 427 1090 non
455 1039 619 1114 expresse
642 1015 819 1106 ostendit,
845 1013 907 1088 sed
919 1014 1065 1088 confuse
1080 1027 1118 1087 et
1142 1013 1318 1105 obscure,

232 1159 278 1222 ut
300 1148 359 1224 vix
384 1160 499 1246 posset
523 1147 570 1220 ab
592 1145 669 1221 aliis
701 1146 909 1245 disciplinae
932 1145 1126 1246 generibus
1150 1147 1318 1220 discerni.

231 1277 494 1378 Quaecumque
506 1278 857 1378 cogitandilaborem
869 1278 1140 1378 quaerendique
1152 1278 1318 1352 studium

123 1387 125 1391 v
230 1413 483 1512 requirerent,
513 1438 555 1486 ea
584 1413 703 1486 omnia
732 1411 1040 1511 complectebatur
1071 1409 1318 1510 philosophiae

229 1571 375 1620 nomen.
401 1545 616 1620 Versabatur
633 1547 672 1619 in
689 1543 939 1646 cognoscendis
957 1547 1122 1645 gentium
1139 1557 1176 1617 et
1199 1571 1316 1643 popu-

229 1679 351 1753 lorum
368 1679 478 1755 rebus
492 1679 612 1780 gestis,
626 1679 805 1774 moribus,
820 1679 1014 1770 institutis,
1034 1677 1074 1750 in
1096 1674 1318 1775 explorando

228 1821 410 1896 terrarum
442 1813 706 1912 regionumque
737 1811 811 1884 situ
840 1823 878 1884 et
905 1820 1058 1899 natura,
1082 1809 1121 1880 in
1150 1819 1315 1883 oontem-

227 1940 361 2040 plando
393 1943 553 2018 siderum
574 1955 701 2037 motu,
727 1941 928 2042 philosophi
952 1940 1063 2014 iidem
1085 1951 1188 2012 erant
1204 1952 1242 2013 et
1260 1965 1314 2012 as-

226 2075 400 2166 tronomi,
418 2073 571 2171 physici,
591 2069 801 2172 geographi,
818 2071 993 2164 historici,
1015 2069 1167 2169 politici3
1188 2095 1331 2144 omnes·

226 2211 385 2310 denique
407 2223 517 2305 artes,
540 2235 635 2310 quae
652 2223 772 2312 postea
792 2223 878 2284 sunt
893 2209 1086 2311 generibus
1106 2209 1310 2306 distinctae,

224 2373 267 2422 eo
288 2361 462 2449 tanquam
486 2350 674 2422 communi
693 2348 839 2425 vinculo
867 2349 1157 2423 continebantur.
1182 2351 1311 2450 Itaque

225 2485 463 2586 amplissimus
497 2485 643 2586 patebat
676 2486 894 2587 philosophis
921 2488 1105 2562 doctrinae
1134 2515 1311 2589 campus,

175 2656 180 2666 ·
223 2647 291 2720 per
315 2646 427 2722 quem
456 2619 571 2694 libere
599 2632 817 2720 vagarentur
835 2617 947 2694 nullis
970 2622 1231 2721 circumscripti
1253 2647 1310 2696 re-

222 2759 398 2862 gionibus.
422 2758 493 2832 Sed
518 2771 640 2832 tamen
660 2759 699 2832 in
724 2771 824 2831 tanta
850 2783 974 2832 rerum
998 2761 1170 2834 varietate
1189 2785 1309 2834 unum

222 2898 397 2999 quiddam
414 2911 513 2988 erat,
532 2898 630 2998 quod
642 2901 991 2998 praecipue'teneret
1006 2924 1133 2972 eorum
1145 2913 1307 2993 mentes,

221 3052 374 3114 naturae
403 3037 659 3137 contemplatio
689 3039 814 3112 :hane
837 3039 1045 3112 universam
1070 3041 1190 3112 animo
1208 3065 1309 3138 pera-

221 3192 379 3280 grantes,
399 3206 524 3254 rerum
539 3181 704 3253 omniurn
715 3207 853 3254 caussas
864 3179 1090 3281 rationesque
1102 3195 1306 3282 perscruta-

222 3319 357 3394 bantur
373 3333 434 3415 et,
459 3347 533 3422 quo
558 3321 721 3421 quidque
744 3319 921 3396 occultius
940 3335 1031 3395 esset
1050 3348 1093 3396 eo
1115 3321 1306 3398 studiosius

220 3461 410 3554 admirati,
442 3473 516 3542 tam
547 3463 714 3540 universa
748 3487 860 3562 quam
887 3461 1027 3564 singula
1062 3464 1303 3564 indagarunt,

220 3614 301 3676 tum
327 3601 562 3695 animalium,
590 3601 822 3702 plantarum,
848 3601 1013 3703 lapidum
1033 3617 1179 3678 naturas
1191 3659 1202 3697 ,
1221 3617 1303 3678 tum

218 3741 378 3816 universi
415 3741 545 3816 mundi
587 3741 789 3842 originem,
830 3743 1056 3841 primordia,
1093 3767 1302 3842 caussasque

217 3878 353 3980 quibus
378 3894 456 3956 orta
483 3895 601 3958 essent
634 3883 755 3956 omnia
786 3896 823 3958 et
853 3883 987 3984 quibus
1015 3883 1299 3959 continerentur.
1350 3975 1353 3980 Ι

218 4022 292 4117 Qui
319 4023 358 4098 in
387 4025 453 4100 hac
488 4025 828 4128 contemplatatioue
857 4027 989 4101 intenti
1016 4037 1090 4100 toto
1120 4028 1302 4105 animose
