2924 4820
293 319 356 386 196
699 341 737 381 ne
761 339 953 382 xerorusrus

289 489 463 589 nophanis
489 501 603 564 aetate
631 503 668 564 et
698 491 856 564 doctrina
886 491 1086 563 abhorrere.
1119 489 1355 562 Posteriorum

288 598 589 697 Pythagoreorum
611 596 682 668 fuit
698 597 785 670 haec
800 599 992 694 sententia,
1012 605 1056 668 ut
1070 595 1222 672 Philolai
1235 606 1257 646 '⁷
1271 593 1355 667 alio-

289 729 468 802 rumque,
482 729 504 775 ι
519 703 652 802 quibus
677 705 879 794 immerito,
898 713 941 776 ut
968 701 1083 776 multa
1100 701 1182 794 alia,
1210 703 1249 773 in
1275 729 1357 774 auc·

291 823 404 886 torem
431 810 545 906 hujus
571 809 777 909 disciplinae
803 809 971 888 translata
998 821 1063 884 est.

699 1130 951 1148 mm..-

339 1459 418 1534 Jem
452 1457 658 1556 singulatim
690 1455 929 1553 explicuimus
956 1483 1049 1555 quae
1076 1457 1123 1530 de
1148 1456 1357 1554 Xenophane

291 1563 429 1663 prodito
449 1576 557 1657 sunt,
573 1589 672 1636 nuno
689 1565 854 1636 universa
873 1565 994 1660 paucis
1010 1563 1352 1662 comprehendamus.

290 1671 473 1742 Profectus
494 1681 547 1742 est
568 1697 587 1741 a
611 1675 799 1766 pois'tarum
824 1671 1026 1742 fictionibus
1048 1683 1085 1742 et
1112 1669 1264 1761 sabulis,
1287 1671 1356 1767 qui·

290 1777 359 1852 bus
386 1789 459 1850 tam
488 1776 647 1852 Deorum
678 1775 801 1874 religio
826 1801 936 1875 quam
962 1778 1055 1851 vitae
1083 1776 1268 1875 disciplina
1291 1786 1358 1847 erat

292 1885 457 1984 oppleta:
476 1886 537 1961 has
555 1911 629 1960 non
650 1885 766 1959 solum
787 1898 831 1959 ut
847 1885 967 1958 futiles
979 1887 1103 1976 irrisit,
1125 1887 1305 1960 sedetiam
1320 1893 1358 1954 ut

290 1991 418 2088 impias
448 2003 484 2064 et
514 1991 589 2062 Diis
616 1991 778 2088 indignes
810 1991 989 2064 refutavit.
1021 1991 1122 2084 Quos
1148 1991 1255 2090 vulgo
1277 1991 1357 2062 Deos

291 2094 485 2194 putarent,
515 2097 679 2187 coelum,
710 2099 846 2188 sidera,
877 2096 987 2171 solem
1001 2099 1138 2188 ,nihil
1164 2098 1262 2172 eliud
1293 2120 1358 2170 esse

291 2205 414 2278 docuit
450 2205 518 2276 nisi
561 2203 760 2278 nubeculas
783 2219 819 2278 et
847 2231 950 2280 auras
978 2219 1108 2279 nature
1140 2215 1355 2280 concremet

291 2310 447 2402 cadum,
472 2312 511 2384 iu
533 2311 666 2410 quihus
685 2312 777 2385 nihil
797 2327 886 2386 esset
903 2313 1125 2408 immortale,
1144 2312 1234 2388 nihil
1250 2313 1357 2385 divina

291 2419 505 2514 praestantia
526 2418 688 2516 dignum.
707 2419 808 2494 Hanc
827 2431 994 2492 naturam
1019 2434 1144 2494 mente
1159 2418 1358 2515 investigans

292 2525 468 2621 quaesivit
495 2524 711 2626 praeclarius
740 2526 936 2622 quiddam,
962 2527 1059 2623 quod
1090 2539 1253 2600 aeterum
1279 2531 1357 2595 esset

291 2641 329 2704 et
354 2629 572 2724 perfeetum,
597 2631 635 2706 id
658 2643 712 2704 est
733 2631 804 2704 tals
828 2633 1123 2728 quodansturae
1142 2629 1357 2704 'concretione

291 2733 514 2828 disjunctum
534 2733 606 2808 sole
632 2748 754 2810 mente
776 2737 883 2831 possit
909 2736 1178 2832 comprehendi.
1198 2738 1253 2810 Sic
1272 2761 1290 2804 a
1306 2733 1356 2804 di-

291 2841 375 2914 viua
400 2853 529 2918 natura
556 2841 641 2920 feeit
656 2841 926 2940 philosophandi
944 2845 1175 2942 principium.
1192 2843 1266 2914 Hoc
1281 2863 1355 2937 pro-

291 2947 449 3044 positum
484 2946 728 3046 philosophiae
763 2976 847 3024 oum
884 2949 960 3026 aliis
993 2950 1130 3024 artibus
1165 2951 1234 3022 fuit
1269 2969 1357 3020 eom-

291 3079 405 3130 mune
425 3081 433 3124 :
453 3067 496 3128 ut
518 3055 615 3129 enim
637 3057 772 3152 po'esis,
798 3070 842 3130 ut
859 3057 1044 3154 sculptura
1067 3085 1087 3128 a
1109 3056 1217 3132 rebus
1241 3050 1356 3126 divinis

292 3161 514 3238 oelshraudis
540 3163 695 3260 profecta
723 3175 800 3252 est,
830 3165 1011 3263 primique
1034 3177 1131 3240 vates
1155 3175 1192 3238 et
1218 3159 1356 3235 artifices

293 3271 332 3345 in
359 3271 518 3345 Ileorum
543 3273 727 3366 majestate
753 3271 987 3368 praedicanda
1013 3283 1051 3344 et
1062 3269 1273 3370 imaginihus
1294 3265 1355 3337 tin·

294 3575 394 3654 iragm.
419 3573 471 3632 lll.
496 3573 591 3652 Neque
613 3585 705 3632 tamen
730 3585 880 3654 procerte
905 3572 937 3634 id
959 3571 1092 3634 affirmari
1125 3589 1205 3654 porse
1231 3568 1287 3648 ipse
1310 3561 1357 3640 itm

294 3661 491 3727 animadvertit
519 3685 549 3744 p.
575 3661 624 3726 58.
647 3663 820 3745 Improbarit
846 3665 950 3724 Cousin
975 3686 1003 3748 p.
1026 3663 1086 3738 83,
1108 3675 1136 3724 et
1157 3663 1247 3724 liitter
1262 3647 1352 3714 Gesch·

294 3753 323 3814 d.
344 3753 414 3814 Phil.
435 3776 462 3836 p.
473 3752 542 3832 453.
553 3753 729 3835 Pythagorae
738 3753 791 3814 hoc
801 3753 934 3836 placitum
946 3755 1074 3820 tribuunt
1087 3755 1222 3832 Diogenes
1236 3747 1265 3808 la.
1280 3737 1359 3806 Vlll»

295 3845 343 3903 30.
365 3843 505 3903 Plutarch.
526 3843 597 3926 plac.
610 3843 680 3904 l'hil.
698 3843 757 3921 lV,
774 3842 805 3922 4.
826 3845 884 3904 alii.

336 3997 398 4077 (η)
418 3995 487 4060 Vid.
507 3997 627 4060 Boeekh.
647 3997 754 4097 philol.
776 4019 803 4080 p.
832 4017 897 4078 ¹9⁰·
