2966 4824
544 375 784 424 rurnosorura.
1147 359 1206 420 183

125 544 254 617 situm.
307 541 355 616 ht
375 541 474 616 Plato
495 567 570 616 uon
591 543 626 616 id
649 539 788 640 agebat,
811 553 853 612 ut
871 538 1090 614 Parmenidis
1108 565 1210 614 men·

126 677 203 738 tem
228 661 440 764 explioaret,
467 663 527 738 sed
560 679 604 738 ut
627 660 970 764 argumentationem
992 659 1070 760 ejus
1090 659 1211 736 dialec-

125 787 195 860 tiea
216 787 356 860 ratione
378 785 607 886 exploraret·
638 783 766 875 Nobis,
792 783 857 884 qui
879 805 955 854 non
981 783 1070 882 quid
1092 783 1211 856 dicere
1270 785 1273 794 '

124 906 320 1001 debuerit,
347 906 408 982 sed
434 908 524 1009 quid
551 905 720 998 voluerit,
742 905 964 1004 quaerimus,
990 903 1209 982 animadver-

125 1028 286 1103 tendum
302 1041 371 1122 est,
389 1029 657 1122 Parmenidem,
672 1053 791 1128 quum
809 1052 874 1102 ens
888 1025 1022 1100 diceret
1040 1032 1215 1124 σφονροεο-

126 1149 210 1244 δές,
238 1177 314 1225 non
336 1152 504 1252 <rogitasse
522 1151 738 1226 Platonioam
754 1151 856 1242 istam
877 1147 1134 1240 definitionem,
1151 1148 1213 1222 sed

126 1271 372 1373 sphaeram
404 1274 545 1348 finxime
575 1273 766 1373 imaginem
793 1298 834 1348 ac
859 1272 1011 1371 speeiem
1036 1271 1213 1370 perfectae

126 1393 228 1468 illins
262 1393 518 1496 aequabilitatis
543 1421 654 1496 quam
685 1395 761 1468 enti
793 1391 934 1488 tribuit,
968 1390 1068 1467 unde
1089 1392 1215 1468 eadem

127 1541 282 1617 quoqne
306 1517 420 1590 forma
442 1545 463 1590 a
482 1515 707 1618 Xenophane
727 1517 801 1590 Deo
819 1529 896 1590 erat
912 1515 1048 1590 tributa
1062 1523 1122 1589 ⁹⁷.

176 1635 284 1711 Idem
311 1652 571 1738 argumentum
598 1637 738 1737 saepius
760 1640 919 1738 tangitur
944 1637 989 1712 ab
1009 1635 1214 1728 Aristotele,

127 1757 196 1860 qui
229 1758 318 1833 bine
340 1757 462 1853 effieit,
481 1758 732 1834 Parmenidem
749 1783 813 1832 ens
829 1761 989 1834 statuisse
1008 1785 1215 1856 πεπερασ-

129 1883 274 1976 μένον,
294 1881 493 1975 finitum,
511 1879 609 1982 quod
625 1879 755 1954 deinde
775 1907 795 1952 a
817 1879 996 1980 plerisque
1017 1883 1110 1954 inter
1127 1881 1218 1954 Par·

129 2001 287 2076 menidia
311 2001 438 2101 placita
463 2001 688 2101 divulgatum
710 2016 763 2078 est
782 2007 839 2072 ⁹⁸.
889 2003 971 2096 Qua
997 2003 1131 2076 ratione
1157 2000 1216 2075 ille

130 2122 198 2200 hoc
215 2125 378 2200 effecerit
399 2141 436 2199 et
457 2149 531 2224 qno
555 2149 664 2198 sensu
684 2123 915 2214 intellexerit,
938 2121 1134 2200 rideamus.
1172 2123 1215 2194 In

131 2244 294 2354 Physicis
313 2271 490 2348 quaerens
513 2243 603 2348 quid
624 2249 669 2322 sit
686 2245 940 2356 drommquid
962 2244 1217 2342 πεπερασμένον,

132 2363 217 2442 dieit
233 2369 396 2444 notiones
417 2369 499 2441 istas
516 2394 536 2440 a
555 2369 737 2444 veteribus
753 2393 942 2468 perperam
959 2394 1034 2442 ease
1052 2366 1218 2442 intellec-

132 2501 201 2562 tas:
222 2489 301 2564 illos
322 2489 485 2566 videlieet
509 2491 834 2566 infinitum-dioere
856 2489 967 2584 istud,
995 2489 1090 2564 ultra
1119 2488 1217 2590 quod

133 2607 223 2684 nihil
240 2613 302 2706 sit;
320 2610 356 2684 id
381 2625 504 2690 autem
529 2616 703 2688 eontrario
717 2641 792 2688 esse
807 2615 1009 2714 perfeetum
1024 2627 1059 2686 et
1078 2625 1215 2687 totum:
1311 2605 1315 2614 ’

133 2735 315 2830 συμβαίνει
343 2733 379 2812 δέ
403 2730 587 2812 σοῦνοονπίον
605 2732 683 2812 οἶνον
702 2729 873 2836 ἶίπειρον
893 2735 912 2829 ἢ
930 2739 971 2818 ὡς
988 2735 1167 2836 λέγουσιν·
1182 2740 1218 2810 οὐ

105 2882 106 2892 ’
135 2855 203 2954 γὰρ
216 2853 257 2933 οὗ
267 2855 461 2954 μηδένέξω,
474 2858 551 2934 ἀλλ’
568 2854 611 2934 οὗ
630 2859 692 2936 aiei
710 2863 751 2936 τί
768 2861 839 2953 ἐ’ξω
858 2858 952 2952 ἔστί,
969 2868 1068 2934 τοῦτο
1090 2861 1218 2960 lineola

135 2973 403 3056 ἔστιν·....οὖ
430 2978 471 3058 δέ
496 2978 618 3078 μηδὲν
638 2985 735 3076 ἔξω,
761 2987 850 3058 τοῦτ’
874 2983 947 3058 door
967 2983 1131 3058 τέλειον
1161 2987 1217 3059 κον)
1243 3035 1246 3042 -

135 3099 238 3179 ίλον.
288 3102 426 3178 Deinde
451 3103 622 3194 ostendit,
643 3118 780 3178 totum
805 3103 901 3178 idem
920 3129 994 3177 esse
1017 3129 1057 3177 ao
1073 3105 1217 3178 finitum

135 3236 172 3296 et
192 3225 440 3316 terminatum,
461 3227 555 3299 sicut
575 3225 665 3300 dixit
686 3225 932 3318 Parmenides,
955 3227 1085 3300 rectius
1106 3251 1218 3328 quam

136 3343 315 3440 Melissus,
337 3349 402 3449 qui
427 3350 646 3423 eontrarium
668 3349 806 3422 statuit:
832 3350 871 3424 τὸ
888 3348 960 3425 ίλον
974 3345 1012 3426 δὲ
1026 3351 1083 3424 νον)
1096 3352 1218 3425 τέλειον

137 3465 214 3558 hal
234 3472 317 3546 etat
336 3468 485 3569 πέμπον
504 3469 524 3564 il
542 3473 711 3571 συνέγγυο
730 3475 772 3569 τῇ
794 3477 895 3567 Φύσει
916 3469 1017 3546 ἐσσί·
1039 3475 1161 3546 τέλειον
1182 3469 1218 3548 δὲ

140 3589 228 3668 οὐδὲν
244 3595 292 3690 μὴ
308 3596 392 3696 ἕχον
410 3595 526 3686 τέλος,
542 3593 582 3667 ri
602 3589 641 3670 dl
657 3593 752 3674 τέλος
764 3593 875 3691 πέρας·
890 3591 937 3671 διο
950 3593 1084 3689 βέλτιον
1100 3595 1219 3682 οἰητέον

139 3715 338 3813 Παρμενίδην
368 3717 540 3796 Μελίσσου
575 3716 726 3813 είρηκένον
754 3738 762 3754 ·
790 3717 806 3790 o‘
832 3719 893 3811 pir
921 3716 990 3815 γὰρ
1020 3717 1059 3791 πο
1089 3715 1219 3812 ἄπειρον

138 3832 213 3912 ‘dtas
247 3841 347 3935 φησίν
382 3861 390 3878 ·
424 3841 441 3914 o‘
478 3837 514 3916 lt
550 3841 589 3915 al
623 3839 697 3915 ίλον
732 3837 1219 3938 πεπερίνθοορμεσσίθεν

171 4007 231 4076 (97)
263 4009 322 4062 Τισὶ.
333 4011 486 4082 Xenophan.
498 4009 562 4064 bell.
577 4029 603 4081 p.
616 4011 670 4074 rod,
683 4012 741 4078 rot,
751 4027 804 4080 ¹¹9·
821 4079 824 4086 Ι

174 4097 231 4166 (98)
263 4098 320 4154 Vnt
331 4099 381 4154 loci
390 4100 462 4154 citati
471 4118 549 4172 snpra
560 4099 576 4171 5
586 4115 610 4166 7,
623 4117 648 4154 n.
658 4101 700 4166 67.
