2840 4820
290 359 357 424 122
707 379 746 420 ns
769 377 960 422 rarorrms

290 532 448 631 quisitio,
468 531 532 629 qui
550 542 594 602 ut
616 528 788 627 pleraque
809 528 878 600 alia
896 529 945 601 sic
968 528 1076 600 etiam
1096 534 1128 599 τὸ
1151 529 1266 626 ἄπειρον
1291 527 1360 601 καθ’

289 644 380 728 αὐτὸ,
405 641 457 729 ώχ
479 637 517 715 ὥς
541 665 595 706 τινι
618 645 705 732 ἑτέρῳ
730 638 937 728 συμβεβηκὸς,
965 647 1008 704 ut
1036 635 1086 706 ait
1111 633 1244 706 ibidem
1269 637 1358 708 Aris·

287 743 440 834 toteles,
473 742 755 815 considerarunt.
787 742 909 839 Atque
937 739 1068 811 horum
1098 738 1226 838 placita
1260 743 1357 816 inda-

286 847 452 948 gantibus
483 845 586 919 facile
625 847 839 944 apparebit,
874 845 1097 942 Xenophanis
1140 848 1356 922 rationema

287 957 414 1028 Ionicis
438 956 633 1044 diversam,
658 979 742 1026 cum
762 953 998 1052 Pythagoricis
1015 955 1064 1023 ita
1089 978 1301 1052 congruere,
1318 967 1356 1026 ut

287 1087 516 1134 communem
546 1061 693 1158 stirpem
723 1085 895 1158 agnoscas.
923 1059 968 1128 Hi
992 1059 1089 1130 enim
1113 1059 1227 1130 omnis
1260 1073 1355 1132 natu-

285 1193 344 1241 rae
388 1165 565 1240 elementa
602 1177 808 1238 statuerunt
842 1189 914 1236 esse
948 1165 1142 1254 contraria,
1177 1189 1290 1263 eaque
1321 1167 1354 1237 in

253 1307 261 1317 ·
285 1289 396 1349 certas
417 1301 592 1374 generum
619 1275 748 1345 formas
773 1267 1189 1371 descripserunt,'vutgo
1211 1283 1355 1369 τάςινατὰ

283 1395 433 1477 σνςνιχίαν
461 1391 555 1484 ἀρχὰς
580 1381 795 1482 appellatas,
833 1383 872 1454 in
897 1382 1029 1482 quibus
1051 1383 1259 1480 praesertim
1275 1373 1353 1458 haec

284 1491 350 1564 sibi
367 1493 463 1589 paria
482 1504 718 1588 opponuntur
744 1517 751 1561 :
769 1501 860 1586 πέρας
885 1489 985 1585 (sive
998 1487 1144 1586 περαῖνον)
1163 1503 1200 1562 et
1220 1489 1351 1588 ἄπειρον,
1379 1513 1381 1518 ·

284 1607 402 1696 ἠρεμῶν
420 1611 456 1670 et
484 1605 653 1690 κινούμενον.
672 1597 768 1667 Haec
792 1609 913 1667 autem
940 1595 1253 1694 Pythagoricorum
1271 1598 1351 1668 ratio

285 1731 358 1776 non
382 1703 498 1776 multo
523 1719 605 1776 ante
631 1703 889 1802 Xenophanem
923 1704 962 1775 in
987 1703 1088 1775 ltalia
1114 1705 1258 1777 videtur
1286 1730 1352 1778 esse

285 1823 448 1908 reperta,
477 1812 550 1882 sive
570 1813 688 1907 ipsum
712 1809 946 1908 Pythagoram
978 1809 1145 1882 habuerit
1179 1823 1352 1883 auctorem

283 1920 356 2008 sive
387 1917 574 2015 aequalem
616 1919 695 2012 ejus
734 1915 987 1989 Alcmaeonem
1013 1916 1268 2010 Crotoniatem,
1296 1919 1352 2018 qui

197 2084 202 2093 .
283 2027 428 2117 docuit,
449 2029 496 2097 δύο
522 2023 647 2096 εἶναιτὰ
672 2027 763 2095 πολλὰ
791 2041 846 2093 τῶν
871 2031 1078 2122 ἀνθρωπίνων,
1104 2025 1139 2096 h.
1165 2051 1198 2098 e.
1222 2025 1352 2098 reshu-

283 2159 404 2206 manas
435 2144 627 2229 totumque
664 2129 847 2202 mundum
885 2155 928 2202 ex
968 2132 1138 2230 oppositis
1177 2129 1352 2206 elementis

284 2251 444 2312 constare
458 2233 492 2306 ³².

332 2345 385 2416 Ex
418 2343 484 2414 hoc
510 2341 622 2440 igitur
651 2339 749 2412 fonte
777 2337 933 2438 profecta
961 2339 1104 2414 videtur
1135 2341 1353 2440 Xenophanis

282 2451 458 2526 sententia
485 2477 493 2520 :
521 2473 678 2548 namque
702 2473 818 2546 quum
844 2473 962 2520 unum
987 2473 1059 2522 esse
1084 2449 1204 2521 Deum
1227 2461 1351 2522 statue·

284 2573 362 2651 ret,
393 2559 481 2649 ista,
508 2583 601 2656 quae
625 2559 663 2628 in
692 2558 800 2630 rebus
823 2557 989 2629 humanis
1015 2557 1198 2630 habentur
1225 2571 1352 2630 contra·

284 2669 365 2757 ria,
397 2665 512 2738 aliena
541 2693 559 2736 a
591 2666 711 2738 divina
740 2679 868 2736 natura
899 2666 1039 2738 censuit
1064 2693 1071 2736 :
1100 2689 1174 2763 quo
1206 2667 1351 2764 pertinet

283 2773 424 2844 fortasse
450 2773 557 2843 etiam
581 2771 617 2842 id
644 2772 740 2870 quod
763 2771 860 2868 apud
888 2773 1072 2842 Laertium
1096 2769 1267 2869 legimus,
1285 2770 1350 2842 Xe-

283 2879 458 2975 nophanis
482 2879 694 2950 sententiam
723 2879 938 2976 Pythagorae
965 2879 1070 2949 fuisse
1102 2880 1294 2975 oppositam
1318 2874 1347 2944 ³³.

283 2987 378 3057 Haec
409 2985 597 3074 universe,
625 2987 698 3079 jam
728 2985 867 3082 singula
900 2983 1136 3056 attendamus.

330 3091 494 3162 Primum
529 3093 626 3190 quod
659 3091 702 3164 ad
742 3092 861 3187 ἄπειρον
891 3103 928 3164 et
957 3100 1170 3186 πεπερασμένον
1206 3093 1346 3177 attinet,

282 3197 585 3296 Pythagoreorum
610 3199 680 3270 fuit
702 3197 790 3269 haec
818 3198 1002 3287 definitio,
1029 3197 1227 3293 perfectum
1253 3217 1349 3267 omne

283 3316 474 3402 totumque
506 3305 686 3377 mundum
720 3303 834 3376 tribus
871 3303 925 3374 his
961 3304 1122 3374 terminis
1152 3302 1347 3389 contineri,

282 3415 407 3506 initio,
438 3414 579 3503 medio,
610 3427 769 3486 extremo
794 3412 850 3484 ³⁴:
882 3415 999 3496 τελευτὴ
1026 3421 1084 3509 γὰρ
1113 3419 1163 3482 καὶ
1196 3423 1277 3507 μέσον
1306 3415 1350 3479 zat

282 3533 360 3618 ἀρχὴ
386 3527 430 3591 τὸν
458 3528 585 3614 ἀριθμὸν
611 3520 629 3590 ἔ
632 3549 678 3613 χει
704 3527 749 3592 τὸν
774 3535 819 3594 τοῦ
859 3531 975 3598 παντός.
1016 3521 1110 3594 Huic
1151 3539 1346 3618 congruum

322 3783 385 3860 (32)
405 3785 489 3842 Arist.
506 3781 628 3864 Metaph.
650 3783 685 3858 1,
707 3781 734 3844 5.
754 3783 793 3851 of.
816 3783 916 3843 Ritter.
945 3781 1046 3844 Gesch.
1064 3783 1092 3844 d.
1117 3781 1230 3868 Pythag.
1254 3777 1345 3838 Philas·

303 3914 310 3927 .
338 3891 372 3929 ra
395 3913 404 3930 .

281 3890 300 3950 p
321 3869 393 4054 (333i
407 3975 494 4036 Aliter
514 3977 582 4038 haec
600 3977 720 4060 explieat
745 3981 919 4041 cousinii.
939 4003 966 4064 p.
987 3982 1038 4042 80.

323 4079 386 4164 (34)
408 4084 527 4142 Aristot.
551 4083 626 4144 Coel.
647 4083 681 4159 l,
708 4105 732 4144 r.
798 4139 801 4144 .
