2924 4820
476 365 691 408 rsrsosorrua.
1059 345 1122 411 ltu

73 516 140 613 poni
154 513 266 588 verbis
286 517 562 589 memoravimus
577 527 610 586 ¹¹.
638 515 752 612 cujus
770 518 1016 614 interpretatio
1037 515 1123 592 licet

72 620 172 692 multis
198 620 388 718 probabilis
413 622 484 696 visa
512 625 578 712 sit,
609 623 667 695 hic
692 637 835 714 tamen,
862 625 926 722 qui
953 626 993 698 in
1021 625 1119 697 refe-

72 727 168 798 rendis
192 741 358 800 veterum
381 727 484 799 dietis
512 741 549 801 et
576 727 713 826 placitis
738 754 842 826 saepe
874 756 1005 826 parum
1038 729 1125 802 dili-

72 859 137 931 gens
157 846 230 924 est,
257 836 338 906 satis
357 833 514 932 locuples
533 835 630 908 testis
646 836 770 908 haberi
787 862 860 908 non
875 849 1004 934 potest,
1026 863 1126 933 prae-

72 941 168 1012 sertim
205 966 290 1012 cum
325 966 398 1012 non
430 942 575 1013 omuino
608 955 777 1039 appareat
810 967 881 1040 qua
913 945 1125 1021 auctoritate

71 1051 131 1140 ejus
151 1049 393 1120 testimonium
420 1051 570 1120 nitatur.
602 1051 639 1120 Si
665 1049 969 1147 Theophrastum,
996 1049 1121 1122 Eude-

71 1179 151 1223 mum
192 1167 256 1224 aut
295 1152 407 1224 alium
441 1155 621 1251 quendam
659 1167 823 1226 veterum
855 1167 1000 1228 secutus
1036 1165 1125 1227 esset

71 1273 229 1347 auctores,
254 1261 292 1331 id
318 1261 474 1358 prolecto
501 1262 553 1332 lo.
577 1260 814 1358 Philoponum
835 1273 872 1334 et
893 1261 1120 1358 Simplicium

26 1381 27 1462 ]
70 1391 125 1436 non
152 1367 306 1463 fugisset.
338 1366 535 1439 Aristotelis
566 1379 687 1441 autern
719 1368 817 1440 locus
847 1393 958 1466 quarn
993 1393 1126 1465 parum

26 1507 27 1572 }
70 1471 164 1544 valeat
184 1473 228 1546 ad
257 1475 542 1547 confirmandum
569 1485 632 1546 aut
652 1475 908 1548 illustrandum
934 1475 1027 1546 hanc
1050 1475 1125 1547 Xe-

26 1625 27 1636 1
69 1580 215 1675 nophauis
239 1583 454 1652 sententiam
478 1581 580 1654 facile
608 1594 707 1678 patet
730 1571 738 1654 Ξ
765 1609 848 1654 nam
874 1583 1034 1680 primum
1059 1580 1126 1654 ille.

71 1707 124 1756 non
144 1685 226 1758 dicit
257 1699 396 1758 veteres
418 1688 468 1758 ita
489 1687 595 1784 plane
618 1701 728 1784 atque
751 1687 916 1760 distincte
941 1688 1121 1779 statuisse,

72 1793 116 1864 sed
137 1793 199 1864 hoc
227 1793 349 1889 potius
375 1793 597 1866 demonstare
618 1792 761 1883 studet,
778 1818 1020 1891 quaecunque
1041 1791 1126 1864 illo-

73 1921 135 1970 mm
156 1899 199 1972 de
226 1913 381 1973 naturae
404 1900 514 1972 initiis
536 1901 647 1972 fuerit
670 1901 846 1971 sententia
872 1897 947 1993 (ue
972 1901 1015 1970 iis
1044 1900 1126 1996 qui-

76 2004 137 2076 dem
149 2007 323 2101 exceptis,
339 2007 403 2103 qui
415 2032 535 2078 unum
549 2004 654 2076 modo
669 2016 846 2102 ponerent
859 2003 1084 2102 principium
1094 2002 1123 2099 ),

26 2151 28 2172 r
71 2133 167 2207 reapse
190 2123 314 2183 tamen
339 2113 513 2184 contraria
538 2111 681 2200 fecisse,
710 2109 795 2181 licet
819 2111 928 2181 etiam
962 2109 1007 2180 ab
1038 2110 1130 2205 ipsis,

26 2215 27 2252 g
71 2239 123 2285 non
150 2229 379 2313 perspectum
414 2243 537 2316 neque
575 2217 711 2288 ratione
758 2213 971 2312 explicitum
1016 2225 1117 2285 esset.

70 2317 180 2395 Deinde
200 2348 276 2421 quo
299 2325 383 2417 jure
405 2321 604 2396 Aristotelis
629 2323 767 2394 dictum
789 2320 834 2393 ad
857 2319 1126 2417 Xenophanem

71 2430 161 2519 potius
187 2430 313 2502 referri
336 2431 498 2528 oportet,
524 2433 629 2523 cujus
646 2426 708 2499 ille
732 2427 771 2496 in
798 2425 1015 2522 explicandis
1038 2425 1127 2523 phy·

71 2555 194 2606 scorum
226 2533 365 2630 placitis
394 2533 530 2606 nullam
561 2533 670 2605 hahet
700 2532 911 2619 rationem,
941 2555 1051 2626 quam
1083 2530 1128 2604 ad

72 2637 175 2711 multos
200 2639 289 2712 alios
317 2665 406 2736 quos
436 2641 651 2711 nominatim
686 2662 884 2710 memorare
915 2634 1007 2707 nihil
1037 2659 1127 2732 opus

72 2757 145 2834 erat,
165 2746 344 2843 siquidem
369 2747 546 2818 sententia
577 2744 638 2816 illa
668 2771 740 2843 qua
774 2751 805 2816 τὸ
839 2748 923 2840 ξηρὸν
949 2749 1007 2812 καὶ
1027 2748 1126 2840 ὑγρὸν,

74 2847 156 2922 tellus
186 2865 223 2924 et
254 2877 376 2944 mare,
403 2851 529 2926 velut
556 2851 639 2943 alii,
667 2850 775 2923 tellus
799 2863 836 2923 et
864 2849 988 2922 aether
1011 2851 1127 2922 omnis

73 2969 196 3030 naturae
219 2958 443 3031 haberentur
464 2959 661 3056 principia,
681 2983 754 3028 non
776 2955 963 3053 singularis
985 2955 1045 3027 sed
1067 2955 1127 3027 ad-

73 3063 192 3136 modum
200 3079 390 3163 perragata
405 3078 514 3163 atque
527 3079 610 3137 ante
623 3061 852 3136 Aristotelem
865 3064 973 3136 etiam
986 3087 1006 3132 a
1017 3062 1128 3160 poe'tis

73 3168 211 3246 inscena
245 3187 336 3245 esset
355 3173 531 3246 celebrata
557 3185 590 3244 ¹².
616 3179 710 3244 Haec
728 3173 838 3269 igitur
853 3196 963 3268 quam
987 3173 1129 3242 infirma

74 3275 124 3346 sint
134 3281 174 3351 ad
186 3281 417 3379 Xenophanis
436 3280 609 3379 placitum
625 3279 717 3354 illud
730 3277 956 3378 probandum
972 3279 1053 3350 satis
1069 3277 1128 3348 iu-

74 3379 234 3480 telligitur.

30 3553 31 3558 ,
107 3487 202 3581 Quod
229 3492 275 3563 ad
303 3490 458 3564 alterum
485 3493 637 3584 attinet,
664 3491 885 3590 principium
916 3489 1031 3560 omnis
1059 3513 1127 3559 na-

30 3613 31 3622 *
75 3597 154 3667 turae
187 3609 321 3670 terram
344 3623 435 3685 esse,
462 3597 559 3670 idem
584 3601 728 3672 sensisse
752 3595 992 3692 Pherecydem
1021 3591 1043 3630 ¹³
1062 3592 1127 3690 qui

103 3783 157 3866 (ιι)
177 3788 247 3850 vid.
264 3791 373 3870 Fragm.
391 3789 429 3850 X.
445 3775 539 3865 Adde,
560 3789 634 3868 quod
650 3789 722 3848 idern
741 3787 873 3868 placitum
888 3788 1069 3864 Anaxagorae
1082 3785 1130 3843 tri

31 3865 32 3944 l
76 3868 148 3937 burum
163 3893 203 3940 est
224 3881 260 3941 ab
277 3881 426 3941 Heraclide
446 3881 565 3962 Allegor.
585 3903 614 3963 p.
630 3880 690 3962 439
706 3878 751 3938 ed.
775 3877 840 3939 Gal.

32 4001 34 4078 ,
103 3981 155 4060 (ια)
172 3985 369 4060 Valckenaer,
391 3987 481 4046 Diatr.
501 3987 599 4068 Eurip.
621 4007 682 4067 cap.
703 3985 731 4046 V
756 3997 783 4044 et
804 3985 853 4046 Vl.

104 4085 156 4167 (¹3)
175 4091 279 4152 Sturzii
296 4093 405 4174 Fragm.
430 4093 583 4176 Pherecyd.
604 4117 633 4177 p.
659 4095 698 4175 39
719 4079 777 4172 sqq.
