2924 4820
695 343 733 386 DE
756 343 948 386 XEROPEAMS

782 555 858 641 §a

265 753 403 856 Ex
436 753 497 825 illa
533 767 654 824 autem
689 755 865 828 sententia
907 752 1049 826 fluxisse
1087 753 1256 826 videntur
1297 754 1368 825 alia

285 859 466 957 quaedam
491 857 712 956 Xenophani
736 886 756 929 a
781 859 961 934 veteribus
981 858 1152 932 attributa
1169 860 1215 932 de
1235 863 1371 932 mentis

285 993 532 1103 sensuumque
565 965 711 1062 judicio.
752 964 964 1039 Plutarchus
1008 965 1072 1014 ¹·⁴
1065 977 1288 1102 dumosam
1333 971 1370 1038 δὲ

286 1083 337 1144 καὶ
360 1083 412 1154 τὰς
440 1079 593 1154 αἰσθήσεις
619 1075 753 1167 ψευδεῖς,
778 1103 827 1142 και
821 1077 1036 1144 καθὸλσν
1005 1103 1056 1144 συν
1082 1079 1182 1154 αὐταῖς
1208 1083 1258 1145 καί
1282 1080 1370 1146 αὐτὸν

285 1188 331 1251 Ιτὸν
355 1185 437 1276 λόγον
461 1183 627 1269 διαβάλλει.
655 1180 730 1251 Hoc
756 1191 865 1268 teste,
895 1179 1131 1276 Xenophanes
1162 1207 1230 1251 non
1260 1181 1370 1253 modo

285 1311 457 1360 sensuum
496 1287 556 1360 sed
591 1287 736 1359 rationis
770 1287 877 1358 etiam
912 1287 984 1362 vim
1017 1286 1249 1360 labefactavit.
1290 1287 1370 1360 Alii

284 1419 369 1466 vero
394 1419 516 1466 sensus
540 1391 657 1464 solum
674 1391 719 1464 ab
741 1417 784 1464 eo
808 1393 928 1490 sperni
947 1393 1095 1483 dicunt,
1121 1394 1264 1466 rationis
1280 1421 1369 1467 auc·

286 1500 464 1571 toritatem
486 1497 638 1596 probari.
662 1497 848 1570 Aristocles
862 1499 902 1568 in
917 1497 1015 1570 libris
1032 1499 1077 1570 de
1095 1499 1313 1597 philosophia
1332 1498 1367 1570 ¹⁵:

283 1603 463 1698 Quidam,
492 1607 631 1702 inquit,
651 1617 818 1692 censent,
845 1607 906 1674 δεῖν
925 1614 976 1684 τὰς
997 1611 1051 1698 μὲν
1072 1611 1225 1685 αἰσθήσεις
1244 1614 1294 1675 καὶ
1315 1615 1370 1685 τὰς

284 1721 442 1808 φαντασίας
455 1713 681 1799 καταβάλλειν,
705 1711 783 1806 αὐτῷ
796 1713 827 1780 δὲ
840 1721 917 1805 μόνῳ
935 1713 976 1807 τῷ
995 1717 1072 1806 λόγῳ
1089 1720 1228 1796 πιςεὺειν·
1250 1727 1370 1782 τοιαῦτα

284 1832 343 1916 γάρ
374 1849 438 1890 τινα
466 1831 598 1918 πρότερον
628 1823 681 1913 μὲν
710 1821 868 1918 Ξενοφάνης
901 1827 952 1890 καὶ
980 1823 1162 1918 Παρμενιθης
1187 1828 1238 1890 καὶ
1264 1826 1370 1900 Ζήνων

285 1931 335 1994 καὶ
370 1929 514 2006 Medicum
546 1925 672 2021 ἔλεγον,
707 1926 808 2022 despota
841 1927 872 1996 δὲ
905 1937 927 1996 αἱ
956 1933 1022 2023 περὶ
1046 1930 1198 1997 Στίλπωνα
1231 1933 1282 1994 καὶ
1308 1931 1370 2006 τσὺς

285 2037 480 2132 Μεγαρικούς.
501 2033 674 2106 Stobaeus
690 2035 776 2105 item
795 2035 833 2103 in
851 2035 892 2105 iis
916 2035 979 2132 qui
1004 2037 1115 2128 ψευδεῖς
1136 2043 1186 2113 τὰς
1211 2041 1370 2114 αἰσθήσεις

283 2151 500 2228 statuerent,
516 2139 772 2235 Xenophanem
798 2151 966 2208 numerat
985 2139 1018 2207 ¹⁰.
1047 2141 1096 2208 At
1125 2140 1370 2236 Xenophanes

285 2244 350 2315 atsi
369 2269 426 2334 ea,
449 2269 544 2341 quae
562 2267 684 2316 sensus
707 2253 914 2333 moverent,
935 2240 1031 2314 fluxa
1055 2257 1092 2315 et
1113 2245 1246 2316 incesta
1269 2247 1369 2340 judi-

285 2362 403 2441 caret,
428 2351 539 2447 ipsam
562 2363 683 2420 tamen
708 2345 885 2418 sentiendi
908 2361 946 2419 et
960 2347 1181 2447 intelligendi
1199 2353 1270 2422 vim
1289 2351 1369 2446 (τὴν

202 2511 205 2520 .
284 2458 371 2540 δόξαν
392 2468 429 2528 et
451 2463 497 2526 τὸν
516 2459 598 2550 λόγον
612 2459 624 2549 )
640 2452 863 2545 distinxisse,
884 2478 956 2524 non
978 2467 1030 2524 est
1055 2454 1262 2550 probabile,
1283 2483 1370 2528 nam

283 2563 313 2634 si
343 2563 502 2651 fecisset,
535 2589 608 2633 non
641 2563 731 2634 foret
764 2573 863 2632 tanta
890 2561 935 2632 de
962 2563 1137 2634 sententia
1172 2565 1250 2656 ejus
1276 2590 1370 2635 con-

285 2669 467 2759 troversia,
493 2693 587 2766 quae
607 2693 706 2739 nunc
740 2691 781 2738 ex
802 2691 845 2738 eo
875 2680 957 2737 nata
974 2679 1027 2738 est
1052 2667 1151 2764 quod
1177 2667 1270 2740 dicta
1290 2669 1370 2762 illa,

284 2797 377 2870 quae
406 2773 512 2844 modo
541 2773 754 2864 attulimus,
784 2773 880 2846 varic
907 2797 973 2845 suo
998 2774 1152 2872 quisque
1183 2773 1287 2847 modo
1312 2777 1369 2846 in·

287 2891 582 2978 terpretarentur.

334 2987 440 3085 Magis
465 2989 573 3060 etiam
614 2987 886 3084 aXenophane
924 2985 1084 3058 alienum
1113 2990 1287 3087 estquod
1322 2992 1369 3065 de

286 3094 443 3166 volitatio
467 3095 609 3166 criterio
634 3119 720 3166 eum
751 3095 917 3191 cogitasse
946 3092 1089 3176 dicunt,
1123 3106 1166 3166 ut
1196 3111 1371 3168 memorat

289 3201 442 3291 Sextus,
479 3225 564 3271 cum
610 3199 761 3272 laudatis
795 3199 865 3271 illis
902 3199 1062 3286 versibus
1098 3199 1181 3274 'dicit
1226 3213 1271 3293 ¹⁷,
1315 3204 1370 3276 vi-

325 3400 390 3483 (14)
411 3402 444 3460 ln
466 3401 614 3462 stromatis
644 3399 717 3480 apud
741 3391 848 3458 'Euseh
881 3400 978 3479 Praep.
1007 3399 1059 3460 Eu.
1089 3397 1119 3475 l,
1152 3399 1191 3476 8,
1215 3423 1243 3483 p.
1274 3405 1312 3463 23
1335 3403 1372 3462 B.

323 3495 388 3571 (sot
411 3497 463 3574 lp.
484 3492 585 3552 Euseb.
608 3489 676 3550 ibid.
698 3489 781 3562 XIV,
805 3511 832 3569 p.
850 3487 929 3570 756.
954 3489 987 3548 Β.
1010 3491 1041 3550 C.

327 3583 392 3665 (16)
416 3583 469 3642 tts.
492 3581 618 3642 Florent.
635 3581 679 3640 ed.
701 3579 856 3641 Gaislordt.
881 3601 909 3660 p.
931 3599 978 3660 71.
995 3581 1096 3642 Euseb.
1122 3583 1141 3641 l.
1168 3584 1186 3643 l.
1206 3605 1233 3664 p.
1256 3583 1315 3665 718
1333 3585 1369 3644 D.

323 3679 388 3758 (17)
408 3673 486 3734 Sext.
498 3673 579 3756 Emp.
591 3673 655 3733 adv.
671 3672 807 3732 Mathem.
829 3672 893 3744 Vll,
907 3685 974 3731 sect.
994 3675 1102 3734 nolu
1124 3674 1240 3735 eandem
1258 3689 1370 3734 senten-

282 3768 350 3827 tiam
360 3779 440 3844 atque
449 3765 551 3826 Sextus
568 3767 769 3844 interpretatur
784 3761 896 3822 Proclns
909 3765 938 3822 in
947 3763 1092 3823 Timaeum
1105 3787 1131 3846 p.
1144 3765 1183 3847 78
1198 3789 1204 3824 :
1217 3763 1370 3848 ἔλλανγᾶρ

284 3856 411 3919 ιλλοτο
400 3881 498 3936 σαμε
500 3852 553 3936 ipso
556 3883 566 3915 ν
586 3853 727 3930 Sapires,
750 3859 801 3912 τοῖν
825 3849 875 3928 pair
897 3853 1050 3930 αἴσθησιν,
1074 3851 1164 3936 simp
1190 3859 1212 3917 cl
1235 3858 1371 3930 Πνθαγὲ·

287 3975 349 4030 puu
346 3947 487 4022 φασιν
524 3957 573 4006 τεῒν
564 3943 645 4008 udi
673 3944 781 4019 δέξιν,
821 3937 911 4027 οἷσπερ
939 3947 952 4006 o'
976 3945 1082 4023 λέγειν,
1110 3948 1216 4009 ΝΜ
1251 3949 1283 4009 d'
1317 3951 1370 4011 tet

286 4048 361 4100 eote
406 4038 514 4097 eim
522 4064 600 4112 me
622 4033 845 4108 vevdlao'pov.
