2870 4824
1119 363 1161 406 XV

79 503 262 604 losophiae
291 505 440 589 historia
466 532 538 580 non
560 507 772 606 placitorum
796 509 974 584 notatione
995 521 1161 584 contenta

86 647 154 728 at,
184 636 252 710 scd
283 647 322 710 et
351 635 573 737 singulorum
603 639 754 714 rationes
783 639 926 738 indagat
951 651 988 713 et
1012 641 1161 716 univer-

87 791 154 838 sam
172 790 309 839 eornm
326 767 400 844 vim
417 779 648 866 mentemque
660 779 872 865 pertractat,
886 780 922 841 et
936 770 974 841 in
986 774 1161 868 cujusque

88 895 291 994 philosophi
314 922 476 991 sensum,
500 898 759 996 cogitationem,
787 899 1029 974 maturitatem
1043 901 1161 998 inqui-

91 1029 156 1120 rit,
190 1054 291 1127 qnae
316 1029 384 1101 nisi
406 1031 455 1102 ita
479 1041 726 1128 exponantur,
745 1042 790 1102 ut
809 1028 1018 1103 adumbrato
1040 1030 1163 1105 saltem

92 1169 261 1231 cernatur
286 1159 469 1234 vetustatis
496 1157 647 1258 effigies,
673 1161 829 1259 prolecto
852 1161 926 1258 ipsa
949 1159 1164 1259 placitorum

92 1286 242 1384 cognitio
270 1285 326 1384 (si
354 1311 394 1358 ea
419 1297 540 1359 tamen
569 1285 728 1386 cognitio
754 1288 860 1386 possit
887 1287 1086 1388 appellari)
1110 1291 1163 1384 je·

92 1418 176 1510 juna
203 1441 247 1488 ac
273 1439 388 1512 paene
413 1415 527 1488 inanis
554 1417 714 1514 putanda
743 1430 804 1490 est.

137 1635 282 1709 Horum
302 1659 416 1734 paene
442 1635 532 1708 nihil
556 1661 600 1710 ex
626 1637 845 1736 compendiis
867 1638 940 1709 istis
961 1638 1165 1736 perspicias,

94 1791 213 1866 neque
244 1766 362 1842 solum
386 1792 511 1842 mance
540 1765 625 1841 sunt
653 1780 690 1841 et
717 1770 867 1863 jejuna,
895 1768 956 1868 sed
983 1780 1184 1867 praeterea,

95 1897 219 1972 multis
240 1899 363 1974 vitiata
385 1896 574 1972 erroribus.
600 1897 689 1970 Nam
714 1922 831 1996 quum
858 1895 997 1996 singula
1026 1909 1168 1970 tantum

96 2040 262 2102 notarent
283 2029 449 2122 decreta,
477 2026 578 2101 nulla
600 2028 736 2101 ratione
762 2029 857 2101 inter
883 2053 920 2101 se
944 2031 1088 2123 juncta,
1107 2026 1183 2110 sed
1229 2063 1234 2072 ·

99 2162 198 2259 qnasi
225 2159 389 2234 membra
413 2187 433 2230 a
459 2183 605 2257 corpore
630 2156 791 2252 divulsa,
817 2159 915 2230 omni
944 2135 1170 2256 argumenta·

102 2291 195 2363 tione
222 2287 425 2380 denudata,
457 2313 500 2361 eo
524 2287 659 2360 factum
686 2298 738 2360 est
768 2298 812 2360 ut
840 2285 1012 2384 pleraque
1040 2309 1170 2382 purum
1284 2275 1288 2282 ¹

100 2431 195 2493 recte
222 2417 494 2517 intelligerent,
521 2417 735 2490 sententiam
765 2413 911 2488 illorum
941 2439 1005 2487 suo
1034 2413 1169 2508 judicio

100 2551 428 2642 aoeommodarent,
448 2561 485 2623 11
504 2573 668 2648 perverse
683 2545 953 2645 interpretando
976 2542 1033 2620 vel
1054 2545 1171 2642 potius

99 2679 348 2780 interpolando
367 2703 493 2754 eorum
515 2689 674 2752 mentem
691 2674 930 2750 obscurarent.
954 2675 1033 2765 Ita,
1051 2697 1173 2747 exem-

100 2813 150 2912 pli
175 2815 304 2914 gratia,
331 2823 491 2889 veterem
513 2809 787 2910 philosophiam,
817 2807 918 2882 nulla
947 2806 1063 2880 adhuc
1087 2831 1173 2904 par-

99 2945 195 3018 tium
224 2941 473 3016 distributione
500 2939 671 3032 divisam,
696 2938 751 3011 illi
781 2962 846 3036 pro
871 2960 935 3011 suo
962 2935 1106 3008 arbitrio
1133 2935 1173 3006 in

99 3090 196 3150 certa
216 3074 293 3148 loco
308 3074 587 3172 descripserunt,
602 3083 786 3169 certasque
806 3069 1071 3143 constituerunt
1089 3066 1173 3165 phi-

99 3207 330 3307 losophorum
356 3204 478 3280 classes
503 3201 618 3300 :alios
642 3201 866 3312 dialecticen,
891 3199 974 3272 elios
1001 3198 1171 3287 ethicen,

100 3341 184 3415 alios
202 3341 347 3442 physica
367 3338 426 3416 vel
446 3315 683 3437 metaphysica
710 3335 867 3411 docuisse
892 3346 1062 3427 narrant3
1078 3333 1172 3404 simi-

99 3471 182 3546 1111
217 3471 263 3544 aa
297 3467 509 3544 mesanum
540 3467 624 3542 auo
653 3447 789 3542 11111
817 3467 1057 3566 dogmaticos,
1090 3461 1174 3534 anos

99 3601 295 3704 scepticos3
334 3601 373 3674 in
406 3600 537 3700 quibus
566 3611 687 3674 tamen
717 3597 882 3672 omnihus
910 3597 960 3666 ita
986 3587 1174 3692 ambigunt

99 3749 133 3811 et
153 3737 257 3810 inter
282 3759 320 3807 se
345 3731 532 3822 dissident,
552 3743 595 3804 ut
619 3728 721 3803 facile
746 3725 991 3826 intelligatur,
1016 3724 1081 3797 ista
1100 3749 1174 3796 om-

94 3870 151 3942 nia
175 3891 260 3940 non
283 3889 306 3936 c
331 3875 495 3941 veterum
523 3860 730 3938 auctoritate
754 3857 815 3932 sed
840 3883 883 3932 ex
912 3854 1066 3967 illorum·
1081 3853 1174 3926 orbi·

93 3999 159 4072 trio
186 3995 352 4072 fluxisse.
588 4029 592 4036 ·
1054 4055 1057 4064 .

192 4113 223 4184 l.
628 4151 633 4166 ·
1048 4125 1066 4166 n
1152 4153 1156 4161 .
