2870 4824
436 353 511 399 vrrs
534 350 573 398 sn
597 355 719 400 arcora.
1075 339 1117 404 31

78 498 177 567 llorum
200 490 404 584 testimonia
432 514 655 591 quamquam
686 490 790 566 nobis
819 491 864 567 ad
898 495 1121 594 antiquitatis

78 602 272 700 cognitionem
294 599 446 672 maximi
468 599 540 672 sint
556 600 746 692 momenti,
762 611 884 674 tamen
901 599 1122 702 plerumque

78 744 124 790 oon
157 742 214 790 ex·
229 717 308 814 ipso
353 715 452 789 sonte
486 715 548 800 sed
583 741 629 790 ex
664 714 817 790 aliorum
848 718 999 790 narratis
1035 744 1123 816 pro-

76 827 136 900 lecta
160 822 357 923 multisque
381 825 519 898 serioris
544 825 670 898 aetatis
692 825 855 900 sordibus
881 829 1121 902 contaminata
1206 870 1212 881 ·

75 957 139 1022 ose,
155 957 253 1006 nemo
268 931 423 1030 ignorat.
437 930 519 1025 Quo
540 934 654 1027 major
682 959 769 1006 cura
792 932 994 1008 adhibenda
1015 933 1118 1007 nobis

76 1051 121 1130 st,
144 1051 182 1111 ut
202 1039 266 1111 ista
293 1039 416 1112 omnia
438 1042 708 1138 conquiramus,
728 1039 843 1140 iisque
859 1039 956 1114 inter
977 1065 1014 1114 se
1027 1067 1122 1114 com-

74 1145 198 1242 parandis
214 1171 302 1220 vera
320 1173 341 1218 a
361 1143 456 1218 falsis
470 1146 731 1237 discernamus,
749 1159 787 1220 et
805 1145 967 1220 abstersis
979 1147 1120 1220 serioris

74 1253 125 1326 aeri
133 1251 313 1346 sordibus,
330 1252 522 1328 obsoletam
539 1253 762 1354 antiquitatis
774 1253 927 1354 effigiem
939 1265 1122 1354 quantum

28 1445 29 1460 Ι
73 1359 124 1432 leri
143 1361 241 1459 possit
266 1386 490 1439 revocemus.

528 1587 545 1668 g
572 1585 625 1650 ro.

102 1779 260 1854 Postremo
278 1805 356 1854 non
378 1781 622 1854 omittendum
646 1792 713 1873 est,
735 1780 965 1880 Xenophanis
989 1805 1123 1855 nomen

72 1908 143 1985 saepe
158 1887 213 1963 vel
225 1887 461 1962 librariorum
477 1889 616 1960 inscitia
629 1886 688 1964 rel
704 1885 893 1959 literarum
909 1886 1123 1984 compendio

70 1992 271 2092 depravatum
296 2009 364 2068 aut
385 2022 473 2070 cum
500 1995 655 2068 aliorum
676 1995 892 2092 scriptorum
914 1993 1123 2066 nominibus

70 2116 283 2196 permutatum
309 2129 393 2180 csse.
415 2105 470 2176 Ita
492 2129 566 2176 non
586 2127 666 2176 raro
684 2129 750 2200 pro
764 2101 986 2200 Xenophane
1012 2104 1124 2174 Xeno-

28 2299 29 2304 Ι
68 2213 188 2299 plantem
205 2212 385 2309 scriptum
406 2211 634 2310 reperimus:
659 2207 775 2284 veluti
800 2209 839 2280 in
865 2206 1016 2282 Stobaeo
1043 2207 1124 2280 Ser-

69 2338 135 2386 non.
152 2319 202 2389 tit.
224 2343 303 2417 29,
326 2315 387 2409 41.
408 2317 464 2392 ed.
483 2314 592 2390 Gaisf.
610 2327 647 2390 et
664 2315 766 2408 alibi,
788 2317 827 2388 in
847 2316 995 2388 Homeri
1015 2313 1123 2388 schol.

69 2418 144 2520 leyd.
163 2425 205 2498 ad
220 2425 266 2497 Il.
289 2431 321 2497 λ.
336 2451 390 2500 ιιι.
407 2451 466 2524 27.
481 2425 579 2523 quod
596 2425 734 2498 notavit
743 2421 998 2498 Valckenarius
1010 2421 1123 2494 Diatr.

69 2525 160 2630 lorip.
176 2561 206 2607 c.
233 2531 356 2622 XIX,
384 2559 419 2631 p.
441 2531 526 2631 ¹953
547 2534 587 2604 in
609 2531 757 2606 Polluce
771 2531 839 2622 VI,
855 2541 939 2604 sect.
965 2527 1036 2620 46:
1059 2531 1126 2628 qui

69 2658 170 2712 errores
184 2643 262 2736 jam
278 2639 454 2714 duduma
470 2641 554 2714 viris
572 2639 683 2713 doctis
700 2637 878 2710 observati
893 2648 930 2710 et
943 2634 1125 2735 plerisque

28 2783 29 2788 ι
69 2737 125 2816 bc's
136 2746 268 2820 sublati
284 2759 394 2840 sunt3
417 2747 512 2820 idem
533 2747 664 2822 vitium
683 2746 723 2818 in
740 2741 983 2843 Etymologico
999 2743 1125 2841 Magno

70 2848 113 2922 oh
132 2879 161 2928 r.
179 2865 291 2952 γηράς,
308 2879 526 2954 quamquam
546 2881 567 2926 a
589 2851 822 2928 Valckenario
841 2850 867 2924 l.
891 2850 916 2922 l.
940 2863 1124 2944 notatum,

71 2959 248 3036 toricimus
280 2973 404 3034 tamen
439 2960 554 3034 editor
587 2961 750 3033 Sturzius
786 2956 946 3058 reliquit.
986 2957 1126 3030 Erroris

73 3087 158 3142 muca
183 3095 205 3143 e
229 3068 423 3142 literarum
447 3069 662 3168 compendio
683 3079 767 3141 nata
793 3079 868 3159 est,
897 3091 971 3164 quo
989 3063 1126 3138 'similia

75 3193 181 3273 quoque
199 3178 372 3268 nomina,
391 3175 506 3253 veluti
522 3182 744 3300 Antiphanes
761 3187 799 3252 et
815 3176 1017 3272 Anttprwn,
1040 3199 1124 3246 con·

72 3275 119 3450 poa
135 3297 244 3382 sunt,
268 3285 313 3359 de
333 3311 406 3384 quo
422 3285 582 3385 cognosci
600 3295 716 3384 potest
741 3308 762 3356 e
786 3283 895 3354 Bastii
922 3277 1123 3354 Comment.

87 3386 142 3462 alae
186 3419 215 3465 r.
365 3391 399 3465 3.

72 3380 194 3571 lpoffi)
206 3343 477 3622 Xgnohlrabem
493 3503 602 3574 etiam
618 3523 703 3571 cum
725 3500 915 3568 Xenocrate
936 3503 1124 3592 permuta-

28 3607 30 3784 Ι
70 3606 124 3670 tum
136 3629 219 3698 esse,
233 3606 365 3679 modo
355 3632 428 3700 Jam
455 3608 496 3678 in
508 3605 657 3706 Apuleii
672 3601 818 3674 Floridis
837 3627 874 3672 n.
893 3599 937 3699 57
956 3599 1123 3691 vidimus3

70 3709 197 3783 eundem
219 3739 379 3786 errorem
402 3715 502 3812 apud
529 3712 740 3786 Strabonem
762 3709 858 3798 XII,
885 3732 921 3804 p.
947 3703 1031 3778 550.
1049 3703 1123 3776 Ca-

28 3789 141 3887 sub
174 3831 212 3892 et
237 3819 470 3894 Athenaeum
500 3823 586 3919 epit.
612 3819 642 3889 I.
671 3812 962 3913 (Schweighaus
1000 3823 1122 3883 annot.

28 3916 95 3988 l
107 3922 205 4018 VIII,
226 3953 265 4025 p
285 3927 417 4027 391.)
409 3956 447 4002 ιιι
465 3927 681 4052 quibusdam
697 3919 877 3996 codicibus
900 3919 1122 4018 reperimus,

28 3985 114 4122 iqui
136 4058 197 4131 pro
225 4038 431 4110 Xenocratis
455 4039 602 4111 nomine
627 4038 869 4130 Xenophanem
898 4027 1082 4103 exhibent.
