2840 4820
450 367 663 412 enttosoonu.
1033 351 1096 415 133

43 539 69 586 se
87 517 254 612 posuisse,
276 517 338 592 sed
355 520 578 614 conjunxisse
592 545 676 592 cum
694 519 760 592 Dei
777 521 941 614 notione,
963 522 1003 592 in
1022 547 1095 620 qua

43 633 126 690 totam
149 637 316 698 mentem
341 625 495 698 habebat
521 626 666 697 infixam
696 653 703 697 :
728 632 760 695 τὸ
783 631 815 696 ἓν
846 625 927 697 εἷναί
951 657 1019 726 φησι
1049 635 1094 698 τὸν

43 729 113 816 ses,
138 741 179 800 ut
204 730 260 800 ait
283 729 510 822 Aristotelem
537 733 706 830 idemque
732 757 754 804 e
782 732 1019 830 Theophrasto
1045 733 1094 806 af-

42 833 131 904 irmat
153 837 365 935 Simplicius
389 866 397 910 :
422 845 454 908 τὸ
478 841 507 908 ἓν
531 852 606 910 rozo
630 846 679 908 καὶ
705 855 763 910 πᾶν
787 845 832 909 τὸν
858 841 930 908 Θεὸν
955 839 1054 934 ἔλεγεν
1078 851 1095 912 t

43 941 169 1036 Ξενοφάνης
193 940 219 979 ⁶²
249 971 258 1014 :
284 969 368 1016 cum
392 944 524 1042 quibus
549 943 712 1042 plerique
742 947 981 1017 consentiunt.

71 1045 130 1119 Ista
153 1063 283 1122 autem
306 1053 480 1124 sententia
506 1053 622 1124 variae
649 1051 770 1125 locum
795 1051 894 1125 dedit
918 1052 1093 1150 interpre-

42 1152 146 1224 tationi.
171 1155 342 1230 Fuerunt
369 1159 433 1255 qui
453 1156 545 1230 illud
573 1160 603 1226 ’ἐν
628 1163 725 1229 πάντα
749 1160 807 1232 sic.
824 1157 1090 1256 intelligerent:

42 1259 121 1330 totius
144 1285 274 1334 rerum
307 1264 544 1338 universitatis
569 1289 680 1336 unam
707 1291 780 1339 esse
808 1265 994 1338 materiem
1016 1266 1093 1338 sive

7 1379 8 1394 ¹
41 1388 146 1455 ςτιχεῑον,
160 1371 266 1443 omni
282 1383 432 1444 naturae
454 1371 652 1467 subjectam
670 1373 913 1471 (ὑποκείμενον),
933 1397 1091 1470 eumque

7 1487 8 1552 j
41 1469 130 1545 lleum
153 1501 242 1550 esse.
270 1479 535 1552 Nonnullorum
552 1481 698 1577 quidem
718 1482 805 1554 haec
827 1483 1002 1554 sententia
1021 1482 1093 1554 fuit

40 1577 332 1680 philosophorum,
348 1587 388 1658 in
412 1587 535 1684 primis
557 1587 783 1678 lonicorum,
798 1589 862 1687 qui
887 1613 1010 1660 rerum
1029 1613 1092 1660 na-

7 1703 8 1756 t
41 1693 131 1756 turam
157 1695 378 1786 perscrutati
407 1692 452 1764 ad
478 1717 595 1764 unum
625 1692 847 1767 elementum
875 1705 1005 1767 cuncta
1036 1717 1091 1766 re-

41 1789 142 1866 ducere
159 1797 382 1886 studebant,
398 1797 513 1873 veluti
536 1798 662 1870 Thales
685 1801 848 1871 omnium
871 1799 1105 1896 principium¹

42 1922 141 1994 aquam
161 1903 307 1998 posuit3
331 1929 419 2002 quos
437 1902 563 2000 'plures
587 1905 701 1977 secuti
721 1917 828 1996 sunt,
848 1906 913 2002 qui
929 1907 968 1976 in
984 1904 1093 1978 rebus

42 2010 187 2102 corporeis
218 2009 641 2108 haerentes'omniaque,
666 2023 710 2083 ut
728 2010 827 2083 Plato
859 2010 944 2083 dicit
970 2009 1017 2102 ⁶³,
1046 2011 1091 2084 de
1177 2091 1180 2102 ,

42 2111 110 2185 coelo
131 2117 170 2186 in
185 2129 320 2189 terram
336 2118 546 2194 devocantes
559 2117 849 2208 contendebant,
862 2123 942 2188 'rotro
960 2120 984 2186 ἐ
995 2113 1009 2186 l
1021 2148 1036 2186 ν
1049 2149 1090 2188 αι

7 2301 8 2308 ¹
41 2225 126 2306 part
148 2233 277 2320 παρέχεὲ
301 2226 461 2322 προσβολὴν
486 2231 536 2294 καὶ
559 2233 669 2322 ἐπαφήν
694 2253 782 2314 τινα,
809 2228 909 2294 ταύτὸν
933 2225 1019 2318 σῶμα
1043 2233 1093 2296 καὶ

7 2373 8 2376 ,
41 2327 106 2396 itm
127 2339 300 2426 ὁριζόμενοι,
320 2331 355 2402 h.
382 2356 414 2404 e.
440 2327 532 2402 nihil
569 2355 663 2422 esse,
696 2331 763 2402 nisi
796 2331 893 2428 quod
925 2330 1091 2404 manibus

42 2439 163 2508 tractare
194 2447 234 2506 et
261 2435 372 2508 oculis
398 2437 534 2507 intueri
565 2449 717 2532 possent.
751 2435 899 2509 Eleatici
930 2437 1093 2535 quamvis

42 2535 152 2612 shhac
170 2542 340 2638 opinione
366 2541 565 2640 longissime
592 2554 707 2614 essent
732 2543 883 2633 remoti,
909 2555 945 2616 et
970 2555 1093 2615 contra

43 2646 133 2736 potius
144 2659 290 2720 terrena
310 2649 428 2720 omnia
442 2661 479 2720 et
490 2661 656 2720 concreta
675 2659 955 2739 contemnentes,
975 2673 1095 2721 unum

42 2747 109 2824 illud
131 2753 232 2852 quod
255 2755 406 2854 simplex
430 2767 468 2828 et
490 2766 680 2830 aeternum
706 2767 796 2860 esset
821 2766 943 2828 mente
970 2756 1097 2854 anqui-

43 2872 159 2951 rerent,
185 2861 338 2934 suerunt
363 2875 485 2934 tamen
516 2861 581 2958 qui
605 2859 752 2932 illorum
777 2867 809 2931 τὸ
830 2859 864 2932 ὂν
890 2885 1094 2957 corpoream

7 2975 8 3056 }
43 2963 262 3066 intelligerent
285 2981 462 3042 naturam.
488 2969 608 3063 Hujus
636 2967 942 3065 interpretationis
974 2979 1098 3040 auctor

44 3066 205 3168 inprimis
228 3073 415 3148 habendus
439 3073 582 3148 videtur
608 3073 834 3163 Aristoteles,
849 3075 913 3171 qui
926 3073 1097 3171 antiquo-

44 3199 104 3247 mm
119 3183 314 3278 generatim
334 3193 408 3254 tarn
420 3183 627 3254 lonicorum
640 3207 750 3281 quam
763 3177 969 3252 Italicorum
983 3205 1094 3251 unam

43 3281 259 3384 philosophiae
284 3286 446 3387 regulam
462 3299 638 3378 statuens,
657 3286 855 3386 quaerendi
876 3287 1096 3383 principium

43 3387 115 3462 idem
140 3393 320 3493 plerisque
357 3395 442 3468 facit
466 3402 497 3465 τὸ
521 3413 570 3480 τῆς
595 3397 669 3477 ὅλης
695 3392 791 3474 citor:
815 3394 882 3466 hoc
912 3417 1097 3465 summum

46 3519 138 3571 oneo
176 3525 250 3598 quo
277 3503 395 3574 omnia
437 3514 601 3601 repetere
631 3514 668 3576 et
700 3527 773 3600 quo
803 3501 951 3574 referre¹
979 3499 1097 3570 omnia

74 3751 127 3832 (62)
147 3753 264 3815 Laudari
274 3777 357 3838 snpra
372 3778 400 3838 p.
411 3756 469 3840 95,
490 3756 561 3832 105,
581 3778 645 3839 ¹⁰7·
666 3757 786 3818 Galenus
800 3755 873 3814 Hist.
885 3751 954 3812 Phil.
969 3771 993 3810 c.
1005 3751 1058 3810 111.
1068 3773 1096 3833 p.

48 3837 107 3914 ²lF·
122 3841 181 3906 εἶναι
195 3843 289 3908 mim
303 3845 339 3923 lv,
351 3845 398 3909 rel
411 3859 489 3911 τοῦτο
501 3847 632 3931 irruimus
652 3844 726 3920 sets,
738 3842 957 3933 πεφρασμένον,
975 3839 1100 3916 tmesis,

48 3940 223 4016 Ιμιτᾶβλητον.

77 4055 128 4136 rsa)
148 4061 266 4142 sophar.
286 4083 316 4144 p.
340 4059 399 4140 246
419 4065 451 4122 s.
