2840 4820
515 357 693 410 urnrourss.

526 659 670 724 XXXVI.

113 910 319 984 Plutarchus
334 918 401 1009 περὶ
419 914 562 991 δισωπίας
579 965 588 1000 ,
606 937 641 1008 p.
669 909 753 984 530.
782 913 818 982 T.
847 913 949 1004 VllI,
978 940 1012 1012 p.
1045 915 1131 1006 103,

71 1041 203 1087 monens
226 1041 273 1088 ne
297 1018 380 1114 quis
401 1017 496 1088 inter
509 1017 706 1114 potandum
721 1043 758 1090 se
782 1017 827 1090 ad
840 1016 971 1090 ludum
982 1019 1132 1116 perduci

68 1122 174 1210 sinat,
198 1124 364 1220 quamvis
394 1123 559 1196 conviciis
589 1120 783 1214 lacessitus,
816 1123 1047 1222 Xenophanis
1070 1149 1131 1198 ex-

66 1229 218 1325 emplum
249 1231 415 1328 proponit
443 1256 451 1301 :
481 1233 666 1330 Ξενοφάνης,
694 1233 794 1301 Aeser
812 1243 863 1300 .τώ
885 1229 1052 1328 Ἑρμιονέως
1089 1244 1132 1325 μὴ

66 1340 221 1430 ,iesuperu
262 1339 341 1433 αὐτῷ
375 1340 562 1433 συγκυβεύειν
598 1341 689 1410 δειλὸν
723 1341 956 1431 ἀπικιλδιντος,
998 1344 1133 1436 ὡμολογεί

66 1450 111 1512 ιιι·
130 1455 201 1516 πάνυ
229 1446 320 1524 δειλὸς
338 1439 410 1514 εἶναι
438 1450 508 1541 πρὸς
535 1453 572 1514 τὰ
588 1451 700 1542 αἰσχρὰ
721 1449 771 1513 καὶ
786 1444 919 1538 ἄτολμος.
951 1445 1047 1518 Scite
1063 1445 1134 1519 dic·

66 1561 135 1621 tum
161 1562 215 1622 est
241 1552 333 1630 δειλὸς
351 1557 419 1648 πρὸς
448 1559 485 1624 τὰ
511 1559 653 1648 αἰσχρὰ,
682 1561 727 1622 ut
754 1548 969 1624 Plutarchus
992 1553 1068 1649 ipse
1093 1553 1132 1624 in

65 1655 185 1731 utone
202 1659 289 1730 min.
304 1657 373 1736 vol.
387 1660 449 1750 tv,
464 1684 500 1756 p.
517 1657 586 1758 377
615 1659 702 1732 dicit
719 1657 764 1730 de
788 1659 909 1757 priscis
925 1660 1094 1733 Romanis
1122 1688 1129 1732 :

64 1764 168 1858 trouu
201 1771 269 1862 πρὸς
292 1771 323 1838 τὸ
345 1766 474 1858 ιἰδιιιεῖι,
501 1769 637 1864 φιλότιμοι
660 1765 691 1834 δὲ
717 1771 785 1862 πρὸς
809 1769 869 1846 τοὺς
894 1774 1032 1846 ἐπαίνοις.
1054 1767 1130 1840 Xe-

63 1871 226 1966 nophanis
250 1871 431 1962 moribus,
457 1896 567 1970 quem
596 1871 854 1966 temperantiae
874 1883 911 1944 et
940 1871 1131 1946 modestiae

62 1977 251 2049 studiosum
282 1977 389 2049 luisse
421 1978 573 2068 scimus,
602 1975 669 2048 hoc
703 1974 843 2048 dictum
877 1977 1012 2074 optime
1045 2003 1128 2048 con·

62 2085 173 2178 gruit',
211 2109 331 2182 neque
355 2083 496 2157 obstant
526 2097 686 2181 tempora
722 2084 917 2181 quominus
941 2107 1025 2155 cum
1045 2083 1131 2156 Laso

63 2187 253 2261 Hermionis
268 2189 341 2262 lilio
354 2191 513 2288 potuerit
523 2187 691 2288 colloqui.
705 2188 813 2260 Hunc
827 2189 925 2262 enim
940 2189 1008 2261 suh
1027 2189 1128 2260 Pisis-

1 2311 2 2390 ἦ
62 2297 132 2366 trati
157 2294 232 2368 filio
258 2293 463 2395 Hipparcho
485 2295 638 2369 Athenis
659 2307 842 2370 versatum
869 2295 991 2367 scribit
1016 2302 1127 2366 Hero-

1 2425 2 2434 *
62 2399 155 2474 dotus
176 2401 246 2473 vll
259 2455 270 2492 ,
295 2399 330 2473 6.
356 2401 592 2475 Pisistratidas
615 2414 738 2474 autem
765 2401 959 2500 imperium
992 2413 1127 2474 tenue—

1 2561 2 2576 .
62 2519 136 2578 tunt
171 2505 317 2607 Olymp.
342 2507 474 2608 63-67.
510 2509 685 2600 Quocirca
708 2509 820 2605 hujus
853 2507 939 2580 dicti
975 2507 1061 2580 fides
1097 2509 1126 2578 si

1 2615 2 2640 ¹
61 2637 122 2684 non
161 2615 310 2687 omnino
344 2615 491 2715 probata
530 2629 607 2710 est,
649 2627 771 2689 tamen
815 2639 890 2687 non
915 2627 1052 2690 temere
1073 2641 1129 2688 re-

60 2717 201 2810 jicienda
216 2721 370 2796 videtur.

468 2992 471 2998 ·
511 2953 672 3019 XXXVII.

2 3241 3 3246 ,
99 3174 270 3275 Diogenes
294 3178 399 3248 Laert
423 3175 505 3267 IX,
535 3186 619 3248 sect.
655 3197 701 3246 20
731 3169 982 3266 ιἙμπεδιιιλέως
1006 3185 1129 3254 εἰπόντος

61 3285 146 3414 αὲῖςῖι,
175 3284 219 3356 ὅτι
252 3291 400 3382 ἀνεύρετός
427 3292 490 3368 ι’ςιν
514 3294 529 3353 ὁ
555 3290 657 3382 σοφὸς,
687 3286 837 3370 Εἰκότως,
865 3281 935 3380 ἔφη
963 3310 1042 3380 σιφον
1069 3288 1129 3377 γὰρ

61 3384 118 3458 εἶναι
141 3393 237 3462 δεῖ
209 3420 257 3464 τον
282 3401 502 3488 ἐπιγνωσόμενον
529 3398 574 3464 τὸν
598 3401 691 3490 σοφόν.

98 3497 296 3596 Elliogene
317 3500 493 3597 excerpsit
519 3498 716 3597 Hesychius
728 3495 801 3568 ldil.
827 3523 863 3595 p.
886 3494 944 3566 31.
960 3494 1033 3613 Qui
1047 3449 1127 3566 Xe-

61 3602 251 3698 nophanem
274 3617 312 3678 et
335 3603 588 3728 Empedoclem
613 3601 779 3703 aequales
802 3604 981 3694 facerent,
1006 3600 1048 3671 iis
1063 3599 1129 3672 hoc

2 3641 3 3791 l
62 3704 184 3782 dictum
220 3712 323 3788 facile
364 3714 481 3812 potuit
515 3711 680 3811 probari3
718 3711 783 3784 etsi
822 3709 859 3782 id
896 3733 969 3780 non
1007 3707 1129 3778 minus

62 3810 177 3888 [slsum
218 3831 271 3892 est
296 3845 406 3941 quam
446 3819 544 3919 quod
574 3818 721 3917 quidam
755 3813 1009 3911 Empedoclem
1041 3839 1127 3886 cum

3 3895 260 4014 lEpimenide
294 3929 417 4002 vixisse
443 3936 707 4014 narraverunt,
738 3935 782 3994 ut
808 3921 1028 4020 Porphyrius
1055 3921 1129 3992 vir.

3 4053 101 4160 'y
63 4021 194 4130 Py.tbag
219 4053 261 4105 ιιο
286 4059 415 4135 29‚p.
443 4035 505 4130 35,
536 4035 592 4110 ed.
618 4034 723 4106 Kust.
749 4031 883 4104 Locum
909 4029 996 4104 huic
1017 4031 1130 4102 errori
