2924 4820
557 321 772 368 aurocrorum.
890 356 899 368 ι
1129 302 1192 366 185

134 479 238 566 papatum
270 475 320 540 ὑπὸ
343 485 398 537 τῶν
428 475 562 560 erepet,
598 469 764 540 emrtndo
787 477 925 540 intrare
948 477 1099 541 animam
1123 496 1192 542 αιι-

133 603 245 649 rorum
261 582 391 671 spiritu
412 585 588 664 vectnm²‚·
614 575 648 646 h.
668 601 699 647 e.
720 575 843 648 eodem
868 575 1019 673 spiritu,
1042 578 1105 674 qui
1127 603 1192 676 per

132 686 324 758 uuiversum
349 681 528 754 muudum
545 680 694 754 diflusus
718 695 793 774 est,
811 683 917 754 etiarn
940 683 1101 756 homines
1116 685 1190 755 ani-

130 793 219 862 mari.
256 789 364 860 Primi
396 813 542 888 quoque
578 787 777 887 philosophi
809 801 845 861 et
876 789 1011 888 physici
1043 791 1190 864 eandem

128 897 329 970 sententiam
356 895 607 987 celebrarunt,
637 920 754 993 quum
781 896 937 967 animam
964 895 1191 971 subtilissima

128 1004 283 1091 materie,
303 1001 427 1074 eadem
445 1026 516 1099 qua
530 1001 732 1093 mundum,
751 1014 909 1075 constare
921 1003 1099 1092 dicerent,
1116 1007 1192 1076 sire

126 1112 218 1208 ignea
241 1107 302 1180 illa
327 1109 400 1179 sive
424 1106 587 1180 aetherea
612 1105 623 1142 ³
645 1134 653 1179 :
680 1107 779 1181 unde
806 1121 904 1206 patet
928 1108 994 1180 hoc
1019 1107 1191 1205 placitum

126 1241 191 1286 non
208 1227 281 1286 tam
298 1213 509 1310 Xenophani
528 1214 737 1310 proprium,
758 1239 865 1312 quarn
884 1215 990 1286 aetati
1004 1219 1082 1310 ejus
1099 1241 1193 1287 com·

124 1320 358 1393 munefuisse.
384 1319 486 1392 Idem
511 1319 585 1391 fere
609 1321 757 1418 Diogeni
776 1319 1023 1417 Apolloniatae
1041 1319 1193 1420 aliisque
1288 1321 1291 1328 ’

125 1427 246 1498 tribuit
265 1424 471 1498 Aristoteles
486 1423 522 1496 ⁴:
543 1431 675 1522 Διογένης
701 1429 758 1514 di,
789 1426 888 1525 decep
911 1433 961 1496 aad
983 1426 1076 1524 ἕτεροί
1096 1455 1192 1517 τινες,

109 1545 190 1633 Ιιὶέρει
218 1547 310 1605 τοῦτον
337 1541 444 1616 οἰηθεὶς
472 1544 587 1604 πάντων
621 1538 863 1632 λεπτομερέςατεν
895 1532 967 1605 εἶναι
995 1541 1044 1604 καὶ
1069 1545 1192 1632 ἀρχὴν,

123 1649 168 1712 καὶ
189 1643 238 1713 διὰ
265 1654 342 1710 τοῦτο
364 1649 535 1736 γιγνώσκειν
558 1669 589 1710 τε
611 1647 662 1710 καὶ
692 1663 781 1712 κινεῖν
810 1653 860 1726 τὴν
891 1649 987 1736 ψυχὴν
1013 1640 1142 1738 (ἔλεγεν
1159 1644 1192 1740 )·

121 1754 188 1820 Ηοε
213 1759 335 1819 autem
360 1745 532 1844 placitum
552 1749 661 1845 magis
681 1747 866 1819 adrerum
890 1761 1057 1820 naturam
1074 1761 1111 1821 et
1125 1747 1194 1820 ele·

121 1866 237 1925 menta
265 1877 375 1950 quam
406 1852 450 1925 ad
482 1853 643 1924 animum
676 1853 864 1949 pertinet,
895 1865 932 1924 et
967 1853 1102 1950 physici
1128 1879 1194 1927 seu

122 1959 317 2059 physiologi
344 1961 463 2057 potius
488 1984 597 2056 quam
622 1958 823 2056 philosophi
846 1957 1053 2030 habendum
1080 1971 1142 2030 est.

166 2067 223 2136 Ad
244 2067 406 2136 animum
428 2077 571 2152 autem,
597 2065 633 2136 h.
661 2089 692 2136 e.
721 2065 765 2136 ad
789 2064 859 2136 vim
886 2063 997 2134 animi
1018 2077 1055 2136 et
1071 2067 1196 2162 cogni-

121 2173 276 2260 tionem,
300 2171 542 2270 iudagandum
569 2172 729 2268 primum
764 2171 855 2242 lacta
886 2184 936 2242 est
973 2174 1187 2270 progressio,

121 2303 201 2350 cum
227 2277 273 2352 de
295 2277 527 2378 cognoscendi
548 2278 697 2354 veritate
721 2278 889 2374 coepisset
912 2277 1079 2349 dubitari.
1105 2279 1194 2351 Nam

122 2400 161 2457 ut
173 2388 288 2457 omnis
302 2385 544 2484 philosophiae
556 2386 606 2458 sic
616 2384 728 2480 hujus
740 2385 846 2456 etiam
861 2385 1075 2481 quaestionis
1091 2387 1195 2482 prin-

121 2493 252 2590 cipium
270 2493 341 2564 luit
360 2492 558 2580 dubitatio,
586 2517 680 2591 quae
702 2503 802 2564 etex
822 2503 973 2563 naturae
996 2515 1194 2590 rerumque

118 2599 285 2671 varietate
301 2611 337 2670 et
361 2625 403 2670 er
423 2599 634 2696 opinionum
649 2597 884 2670 inconstantia
908 2608 988 2668 nata
1011 2609 1064 2668 est
1082 2624 1090 2668 :
1106 2597 1195 2671 haec

117 2706 234 2776 animo
262 2705 514 2802 reputantibus
549 2717 624 2777 orta
665 2717 717 2777 est
749 2705 935 2802 cogitatio,
971 2702 1061 2774 nihil
1098 2717 1195 2778 certo

116 2813 202 2884 scire
230 2811 416 2901 homiues,
443 2823 594 2884 tantum
621 2812 666 2884 de
706 2809 815 2883 rebus
841 2811 989 2907 opinari.
1020 2810 1195 2883 Memora-

13 2937 14 2952 ³
115 2917 187 2992 hile
220 2945 305 3019 ergo
328 2921 365 2992 in
390 2919 533 2993 historie
559 2919 801 3019 philosophiae
822 2919 888 2992 hoo
913 2918 1106 3017 placitum,
1135 2943 1195 2991 cu·

158 3164 202 3242 (nl
226 3167 340 3224 hristot
370 3162 405 3224 de
426 3165 526 3224 Anima
553 3165 593 3236 l,
624 3187 653 3246 p.
676 3163 737 3243 485
760 3164 792 3224 Β.
813 3163 1196 3243 TiedemannolGriechenl.

115 3253 196 3314 Erote
222 3255 325 3318 Philos.
347 3276 376 3335 p.
395 3253 444 3333 54.
465 3253 560 3333 >haec
579 3257 718 3314 sententia
742 3255 852 3316 doctior
866 3255 1014 3314 ridebatur
1039 3275 1119 3333 quam
1144 3276 1196 3336 pro

115 3344 222 3426 Opphei
245 3353 334 3404 aetate
341 3369 350 3424 ;
370 3347 400 3403 in
417 3365 472 3423 quo
487 3344 669 3426 reprehensus
686 3357 728 3404 est
745 3366 761 3404 a
781 3345 1004 3427 Wyttenbachio
1024 3343 1097 3404 Bihl.
1121 3345 1190 3403 Crit.

115 3435 150 3495 T.
177 3437 228 3506 11,
250 3437 325 3497 Part.
342 3437 392 3507 11,
409 3455 437 3516 p.
461 3433 511 3516 87.
530 3435 622 3495 Etiam
643 3435 802 3496 Loheclius
823 3449 851 3494 et
870 3434 996 3508 Bodius,
1017 3435 1064 3512 qui
1086 3433 1121 3494 de
1140 3435 1195 3494 Or-

114 3523 206 3606 phicis
226 3491 387 3606 diligenlius
406 3537 434 3584 et
446 3523 582 3584 eruditius
604 3525 790 3606 disputarunt,
809 3525 885 3584 hanc
894 3525 1060 3584 senteutiam
1070 3523 1105 3583 ah
1115 3525 1194 3583 istius

116 3617 215 3675 aetatis
237 3615 414 3698 simplicitate
438 3635 496 3676 non
515 3615 641 3697 judicant
660 3614 819 3676 abhorrere.
842 3613 910 3674 Vid.
929 3611 1024 3688 Bode,
1049 3613 1193 3695 Orpheus,

111 3699 147 3786 p.
166 3703 206 3787 98
226 3717 255 3764 et
276 3727 305 3786 p.
330 3704 384 3766 153
408 3717 467 3766 not.

120 3819 336 3969 sihmo&
363 3821 416 3880 hu.
438 3819 471 3896 1,
493 3838 530 3890 a,
552 3839 582 3900 p.
602 3815 662 3900 478
686 3837 744 3896 sqq.
765 3816 905 3878 Plutarch.
934 3807 1006 3896 plac.
1034 3814 1105 3877 Phil.
1125 3815 1193 3890 IV,

140 3951 148 3967 .
210 3930 230 3968 ι.

160 4011 204 4094 (4)
225 4013 340 4076 Aristot.
361 4014 381 4074 l.
401 4014 421 4074 l.
440 4037 468 4097 p.
490 4013 551 4098 479
569 4013 602 4075 E.
