2924 4820
534 393 747 440 ιιιιιοιιοιιιιι.
1120 383 1183 450 163

106 565 246 640 vapores
266 553 359 614 terra
384 543 547 640 marique
567 544 775 619 exhalantes
788 549 855 646 qui
875 547 1032 624 sublime
1050 549 1181 626 tollun-

108 656 188 741 tur,
214 649 309 722 unde
324 649 415 747 ignis
441 649 638 723 seminibus
662 655 833 750 expressis
861 667 898 726 et
914 658 1009 730 inter
1032 683 1069 730 se
1093 684 1181 732 con-

107 753 225 828 ciliatis
249 753 412 828 coelestia
440 781 585 855 corpora
612 756 824 832 efficiantur.
855 761 989 833 Eadem
1029 763 1183 838 aliorum

107 861 298 958 antiquitus
334 863 402 933 luit
435 864 634 954 sententia,
666 889 776 962 quam
809 867 848 940 in
876 867 1001 963 primis
1027 869 1183 943 illustrat

105 967 306 1056 Lucretius,
343 968 389 1040 de
418 970 572 1043 aetheris
611 983 648 1042 et
678 971 835 1044 siderum
864 974 1003 1071 origine
1037 976 1087 1048 ita
1118 1004 1182 1051 ca·
1283 984 1288 994 '

105 1097 189 1145 nens
205 1073 255 1144 ⁴⁶:

540 1213 614 1278 Per
637 1233 726 1278 rara
749 1211 931 1299 foramina
958 1221 1075 1283 terrae

150 1313 329 1382 Portubus
353 1339 539 1406 erumpens
559 1321 700 1408 primus
725 1341 762 1384 se
787 1315 956 1386 substulit
977 1322 1097 1388 aether

150 1423 307 1512 anifem
332 1432 366 1491 et
389 1427 513 1492 multos
536 1447 651 1493 seeum
674 1425 757 1492 lovis
780 1422 926 1492 abstulit
947 1422 1061 1516 iques‘s
1087 1451 1099 1495 :

151 1529 223 1597 Νοιι
249 1533 322 1598 alio
347 1535 442 1622 lonq'e
468 1535 606 1600 ratione
629 1553 783 1623 aeeoepe
797 1531 954 1601 videmus
964 1581 980 1616 ,

151 1633 270 1704 Aurea
292 1642 564 1728 quamprimum
587 1641 811 1729 pemmonteis
838 1660 921 1707 rore
937 1663 1006 1732 per
1033 1637 1159 1710 ltorbas

150 1743 324 1810 Matutine
342 1742 470 1811 rubent
492 1742 629 1824 radiati
655 1748 790 1812 lumina
814 1749 897 1814 solis
908 1795 924 1828 ,

150 1849 393 1941 Exhalantque
420 1853 518 1917 loeus
541 1849 701 1917 nebulam
721 1849 915 1941 fluvieiquo
933 1872 1109 1940 perennes
1119 1899 1134 1934 ,

151 1957 295 2048 Ipsoque
317 1963 352 2024 ol
374 1955 549 2024 interdum
575 1959 675 2025 lellus
697 1959 837 2044 somaro
859 1953 999 2024 videtur
1025 1981 1034 2024 :

152 2061 202 2132 Sic
225 2065 338 2154 iyitur
362 2073 433 2131 tum
459 2087 495 2132 se
519 2065 603 2131 levis
628 2085 669 2131 oe
693 2061 864 2155 diffusilis
886 2065 1007 2131 aether
1019 2111 1034 2146 ,

155 2174 298 2261 Corpore
320 2179 475 2239 concreto
500 2168 741 2238 circumdatus
765 2165 922 2262 undique
934 2218 948 2252 ‚
974 2173 1105 2262 saepsit
1116 2198 1132 2258 ,-

152 2279 249 2345 Hune
275 2273 421 2345 exordia
443 2286 531 2344 sunt
552 2279 635 2344 solis
662 2279 834 2367 lunaeque
856 2283 985 2343 secuta.

153 2479 340 2552 Lucretius
364 2479 566 2576 Epicurum
582 2479 769 2576 sequitur,
787 2479 852 2577 qui
868 2481 908 2550 in
930 2479 1081 2578 physicis
1100 2480 1184 2578 ple-

113 2611 257 2685 rumque
289 2588 509 2661 veteriornm
540 2597 741 2658 commenta
779 2600 816 2658 et
843 2585 972 2684 placita
999 2591 1183 2686 expressit.

113 2691 236 2767 todem
264 2695 423 2792 pertinet
452 2706 641 2791 pervagata
664 2691 725 2766 illa
751 2705 918 2768 veterum
944 2695 1083 2791 opinio,
1110 2709 1184 2774 tam

113 2827 130 2871 a
150 2801 258 2898 poetis
281 2827 392 2923 quarn
419 2799 635 2924 philosophis
663 2797 827 2900 prodita,
852 2798 963 2872 solem
985 2813 1022 2874 et
1045 2800 1209 2901 reliqua.

115 2907 215 2981 sidera
239 2910 390 2981 terrenis
423 2907 642 3006 marinisque
676 2907 869 3006 vaporibus
897 2906 945 2980 ali
975 2922 1013 2982 et
1041 2922 1186 2983 susten-

116 3015 173 3084 tari
197 3013 256 3064 ⁴⁷·
247 3039 355 3086 :non
379 3015 515 3087 mirum
541 3015 679 3088 adeo
654 3039 683 3087 st
707 3013 852 3105 iisdem,
882 3011 1016 3110 quibus
1042 3029 1185 3088 sustan-

18 3119 19 3126 ’
117 3133 183 3214 tur,
208 3121 320 3195 initiis
344 3124 453 3196 etiam
469 3125 641 3196 exstitisse
668 3122 852 3221 quondam
877 3120 938 3194 illa
964 3125 1183 3218 putaverint.

118 3229 413 3322 Eadem‘natura‚
433 3255 505 3328 qua
529 3227 657 3322 solem,
677 3229 804 3301 lunam
829 3252 976 3326 quoque
990 3227 1186 3328 Xenopha-

119 3359 172 3408 nes
202 3347 241 3410 et
270 3337 384 3409 sidera
414 3349 451 3409 et
480 3347 634 3410 cometas
666 3347 703 3408 et
731 3359 988 3434 quoecumque
1014 3335 1053 3406 in
1087 3333 1185 3408 coelo

122 3455 280 3541 apparent
305 3469 476 3542 corpora,
497 3469 571 3519 esse
593 3441 726 3538 voluit5
746 3440 940 3541 appellavit
957 3439 1078 3539 globos
1096 3467 1185 3516 ean-

154 3685 211 3766 (46)
229 3638 338 3749 tuero.
363 3689 410 3764 v,
433 3688 494 3768 458
513 3711 573 3769 sqq.

156 3808 199 3891 (47
202 3811 211 3889 )
231 3809 299 3874 vit.
312 3813 409 3874 Cicero
429 3814 495 3875 tte.
514 3815 549 3874 D.
571 3815 618 3890 11,
644 3814 688 3876 15.
708 3812 756 3872 ubi
774 3810 876 3872 multos
895 3820 1023 3870 auctores
1042 3807 1111 3868 alios
1126 3807 1186 3870 lau-

128 3893 165 3955 dat
182 3901 304 3963 Greuzer.
327 3925 355 3985 p.
377 3901 446 3965 265.
470 3908 640 3966 Anacreont.
663 3903 711 3964 od.
734 3922 793 3984 19:
815 3901 892 3974 ιῖγῆ
910 3898 1030 3976 pluma
1056 3895 1125 3962 aer'm
1145 3935 1186 3949 -

93 4013 97 4024 '
130 3986 217 4048 ‘al‘
202 4011 274 4060 ιλιιι
293 3995 455 4060 θαλάσση.
479 3995 529 4057 ubi
554 4011 679 4060 veterum
713 3992 810 4108 placiti
834 3991 961 4054 meminit
986 3991 1069 4052 etiam
1094 3992 1186 4054 Mett-

129 4073 193 4144 lst'n.
186 4104 239 4166 ..p
259 4085 309 4169 96.

985 4197 1039 4242 12·
