2942 4830
565 427 804 476 rurunsorrns.
1162 415 1226 478 229

144 597 221 667 sius
259 593 317 664 rel
351 591 534 666 obscurius
570 593 809 685 tradiderunt,
846 591 982 666 doctius
1023 607 1059 667 et
1080 595 1224 670 'clarius

146 729 396 814 exposuerunt
422 718 625 813 praesertim
648 715 874 815 Pythagorei,
910 741 1031 788 rerum
1064 719 1224 790 omnium

143 837 321 908 contraria
335 848 529 909 statuentes
542 861 670 934 genera
682 849 718 908 et
729 833 902 908 elementa
922 835 985 932 (ris
1001 836 1092 910 κατὶι
1114 865 1226 926 cogos-

145 960 234 1058 χὶων
267 957 375 1056 vulgo
409 957 608 1057 appellata),
641 959 734 1030 inter
771 983 864 1059 qrrae
896 957 983 1031 haec
1014 961 1227 1058 praecipue,

144 1081 241 1178 iip'p‘er
263 1083 320 1155 ani
342 1077 443 1173 θῆλυ,
465 1085 535 1176 φῶς
559 1083 615 1155 καὶ
640 1080 757 1162 σκότος
772 1089 832 1176 ²³3
852 1079 1015 1154 dicebant
1035 1079 1103 1171 illi,
1126 1084 1223 1178 paria

141 1203 323 1302 (ἰσόμοιρα)
340 1229 415 1277 esse
432 1205 470 1275 in
491 1204 659 1278 universo
676 1201 795 1276 lucem
811 1217 847 1276 et
867 1201 1048 1293 tenebras,
1070 1201 1225 1275 calidum
1311 1219 1313 1226 ’

143 1340 182 1399 et
211 1325 407 1424 frigidum,
433 1323 625 1400 humidum
654 1337 690 1397 et
718 1323 903 1396 madidum
922 1333 977 1395 ²⁴.
1033 1321 1113 1396 Jam
1142 1349 1226 1398 vero

143 1446 279 1520 horum
307 1445 487 1551 disciplina
509 1447 588 1520 lons
610 1445 781 1538 hahetur,
804 1444 901 1519 unde
918 1470 998 1519 cum
1018 1445 1075 1518 alii
1093 1445 1226 1522 rivulos

142 1566 318 1641 duxerint
334 1567 545 1668 philosophi,
563 1581 643 1641 tum
663 1569 868 1666 praesertim
886 1568 1042 1642 Eleatici.
1092 1567 1227 1641 Tenuit

144 1687 377 1763 Parmenides
404 1689 676 1791 Pythagoricum
706 1688 795 1763 illud
818 1688 1023 1782 decretum,
1047 1689 1227 1764 mundum

145 1837 166 1884 e
180 1811 365 1883 contrariis
375 1823 533 1884 constare
551 1810 735 1884 elementis
745 1863 755 1901 ,
766 1809 901 1910 quihus
912 1813 1124 1887 universum
1140 1837 1231 1885 com·
1264 1857 1266 1862 ·

142 1933 312 2031 plentur,
333 1931 393 2005 sed
417 1931 586 2031 placitum
608 1931 697 2005 illud
719 1957 784 2004 sua
809 1933 950 2004 ratione
974 1933 1225 2008 conformavit:

142 2056 242 2131 varia
274 2053 332 2126 illa
347 2143 352 2156 .
368 2080 499 2153 genera
534 2053 657 2127 retulit
693 2053 738 2126 ad
767 2051 840 2125 duo
871 2053 1003 2151 capita,
1035 2052 1088 2130 his
1111 2066 1227 2126 cetera
1259 2037 1261 2041 ⁵

145 2191 323 2276 tanquam
346 2175 533 2276 qualitates
556 2175 737 2275 adjunxit3
772 2175 911 2247 ornarit
932 2175 1137 2271 ea.poe²'ticis
1157 2201 1228 2248 no-

145 2298 327 2390 minihus,
353 2299 497 2402 fortasse
518 2297 701 2371 interdum
728 2299 833 2372 etiam
854 2299 955 2398 quasi
978 2297 1127 2370 deorum
1149 2321 1231 2396 per-

82 2465 86 2472 ·
144 2445 247 2494 sonas
273 2418 466 2497 induxit²⁵
478 2445 488 2510 3
513 2419 561 2490 sic
585 2443 721 2491 novum
743 2417 861 2492 veluti
873 2417 1041 2516 placitum
1062 2419 1229 2516 protulit,

143 2539 244 2642 quod
255 2539 350 2614 illius
366 2541 511 2613 nomine
526 2536 744 2611 celebratum
763 2565 927 2638 magnam
944 2539 1073 2614 deinde
1084 2541 1122 2612 in
1134 2540 1231 2643 phy-

145 2665 224 2736 sicis
242 2660 397 2735 obtinuit
412 2662 666 2735 auctoritatem.
713 2659 822 2733 Multi·
840 2662 959 2755 enim,
978 2663 1059 2736 licet
1070 2663 1176 2736 etiam
1188 2665 1226 2738 in

145 2799 297 2856 naturae
308 2782 491 2856 elementis
505 2809 524 2855 a
536 2781 747 2858 Parmenide
760 2781 1024 2880 dissentientes,
1041 2787 1227 2859 utDemo-

144 2906 277 2998 oritus,
309 2905 554 3005 Anaxagoras,
577 2903 826 3003 Empedocles,
851 2905 970 3000 Plato,
996 2920 1117 2982 tamen
1140 2905 1227 2982 haec

144 3125 283 3176 Graec'T.
302 3125 360 3186 ΙΙΙ,
393 3141 418 3192 p.
440 3121 501 3186 n57,
529 3121 582 3172 citt
605 3122 740 3174 aStursio
767 3121 800 3173 nd
820 3121 915 3174 calcem
942 3121 1034 3186 fragm.
1059 3122 1225 3190 Pherecydis,

145 3231 171 3282 p.
195 3230 241 3265 aaa
283 3213 442 3283 Quamquam
463 3211 632 3278 generationis
651 3211 773 3272 ordines,
792 3227 857 3279 quos
875 3211 911 3261 illi
934 3211 1002 3279 aputl
1022 3211 1165 3262 hcusilaum
1186 3213 1223 3262 sn·

145 3307 238 3360 ciunt,
262 3317 315 3353 non
338 3303 415 3366 magis
434 3309 518 3351 certos
542 3315 596 3350 esse
614 3297 740 3358 arbitror,
760 3315 837 3367 quam
856 3315 920 3368 quos
936 3297 1046 3350 Hesiodo
1062 3299 1224 3364 obtrudunt5

145 3405 177 3448 ut
198 3395 253 3464 ipsa
270 3399 407 3444 auctorum
426 3389 496 3442 inter
519 3405 545 3440 se
562 3388 734 3456 discrepantia
755 3389 815 3439 satis
840 3389 932 3454 arguit.

178 3484 235 3550 (αὸ)
270 3481 325 3534 Vid
353 3481 455 3532 Aristot
484 3477 598 3548 Metaph.
617 3481 643 3540 1,
665 3475 686 3528 5.
711 3495 736 3548 p.
753 3477 801 3538 648
822 3483 853 3540 Ας
880 3477 998 3530 Eudorus
1025 3483 1094 3549 apud
1111 3483 1221 3553 Simplic.

145 3573 219 3642 Phys.
236 3573 255 3623 s.
273 3571 305 3638 39
323 3575 349 3622 Α.
368 3569 406 3621 Cf.
422 3571 524 3630 Ritter,
540 3567 647 3635 Pythag.
664 3569 756 3620 Philos.
776 3584 801 3635 p.
821 3565 876 3628 reli.

178 3663 236 3730 (²4)
268 3662 372 3727 Diogen.
391 3657 476 3710 laert.
495 3659 568 3716 vul,
586 3674 607 3708 s.
626 3657 664 3710 26.

179 3751 237 3821 (25)
269 3753 327 3804 Huc
353 3751 414 3804 facit
445 3749 562 3802 clemens
587 3747 659 3801 Alex.
684 3749 711 3799 in
740 3747 867 3799 Admonit.
894 3746 926 3798 ad
943 3747 1071 3808 Gentiles,
1090 3767 1114 3818 p.
1132 3749 1165 3813 43
1182 3753 1222 3804 C:

146 3847 239 3916 ltqu-
267 3842 300 3898 δί
318 3843 333 3893 ὁ
352 3839 489 3909 Ἐλεάτης
511 3839 598 3898 θεοὺς
615 3841 779 3907 cleopiceto
798 3838 861 3908 Πῦρ
880 3841 926 3888 sut
946 3841 1014 3906 Γῆν.
1058 3841 1218 3911 Quamquam

147 3935 291 3997 Glemsmi,
316 3941 436 3986 veterum
469 3931 563 4002 placita
591 3929 617 3981 in
644 3929 693 3980 hoc
719 3929 786 3980 libro
806 3930 890 3980 acrius
908 3929 1059 3988 insectanti,
1078 3947 1129 3982 non
1146 3933 1220 3986 nimis

147 4026 277 4079 confidere
292 4025 373 4088 licet,
393 4030 481 4076 tamen
503 4020 567 4074 illud
581 4037 596 4072 s
612 4019 768 4072 Parmenion
785 4019 885 4071 rationo
902 4037 954 4070 non
973 4019 1106 4075 abhorret.
1124 4023 1160 4074 Cf.
1180 4024 1221 4078 iu·

147 4115 226 4170 serius
242 4115 276 4169 sd
292 4091 396 4170 not'ilh
415 4121 442 4168 et
461 4114 499 4180 tl·
