2840 4820
305 369 368 436 132
712 389 751 431 nn
773 388 964 432 aanornarus

300 544 442 616 turioris
467 543 603 643 ingenii
627 553 665 614 et
683 539 887 615 eruditioris
919 539 1100 612 doctrinae
1127 539 1291 612 studium
1323 564 1400 613 re-

298 649 444 742 ferunt,
466 649 685 748 agnoscimus
703 659 824 719 tamen
837 647 876 716 in
889 646 931 717 iis
943 643 1118 718 Eleaticae
1135 645 1400 744 philosophiae

298 756 461 847 semina,
493 755 713 853 agnoscimus
741 778 861 826 unum
887 751 980 824 illud
1014 765 1051 825 et
1082 779 1266 825 summum
1304 777 1398 824 om-

298 864 404 935 nium
427 887 548 936 rerum
566 863 807 960 principium:
824 873 968 932 tantum
997 862 1190 958 praecipue
1209 862 1396 952 interest,

286 969 396 1065 'quod
425 968 599 1060 Eleatici,
627 969 665 1038 in
695 991 806 1040 unam
832 967 924 1038 hanc
950 978 1117 1038 naturam
1144 968 1274 1038 mentis
1304 969 1397 1038 acie

298 1073 451 1165 intenti,
485 1087 724 1172 praeteream
748 1097 820 1145 esse
848 1071 939 1143 nihil
966 1086 1209 1163 censuerunt3
1230 1070 1286 1142 illi
1316 1097 1396 1143 au-

297 1189 372 1250 tem
395 1205 480 1252 cum
501 1179 629 1255 divinis
650 1179 806 1251 humana
833 1183 1114 1278 conjungentes,
1139 1177 1242 1252 ambo
1265 1201 1397 1277 quae-

297 1285 401 1358 rendi
421 1287 539 1359 studio
559 1298 598 1358 et
620 1286 756 1359 ratione
779 1284 935 1382 amplexi
959 1299 1054 1358 sunt.

787 1588 803 1669 ς
831 1585 881 1650 10.

344 1805 558 1904 Priusquam
579 1829 661 1877 vero
682 1802 843 1875 absoluta
863 1804 1039 1876 habeatur
1060 1805 1147 1878 haec
1162 1805 1390 1903 disputatio,

295 1910 447 1984 aliorum
477 1935 623 2010 quoque
652 1923 817 1984 veterum
849 1909 895 1982 de
920 1910 1139 2009 Xenophane
1174 1914 1389 1986 testimonia

294 2032 332 2092 et
352 2020 486 2115 judicia
511 2017 723 2114 exponenda
738 2029 835 2089 sunt
860 2016 1028 2116 Plerique
1050 2031 1122 2090 tam
1142 2021 1279 2096 diverse
1305 2033 1390 2094 tra-

293 2126 513 2199 dideruntet
522 2125 754 2197 admiscendis
767 2123 892 2196 alienis
907 2125 1134 2221 opinionibus
1143 2129 1191 2198 ita
1204 2153 1388 2226 corrupe-

293 2245 383 2305 runt
398 2236 477 2328 ejus
496 2230 646 2330 placita,
664 2245 706 2303 ut
721 2255 862 2328 prorsus
875 2244 1046 2330 tanquam
1063 2235 1237 2306 marinum
1251 2260 1387 2332 quen-

293 2341 373 2414 dam
389 2337 572 2412 Glaucum
584 2339 632 2410 sic
651 2336 748 2410 illius
766 2338 916 2410 formam
935 2339 1211 2414 obscuraverint.
1227 2341 1342 2434 Quod
1362 2370 1386 2414 a

292 2447 416 2545 primis
455 2445 540 2517 inde
578 2443 828 2540 temporibus,
864 2469 957 2540 quac
995 2445 1221 2540 Xenophanis
1264 2450 1385 2519 aetati

291 2555 453 2654 proxima
468 2553 591 2638 fuere,
610 2550 859 2648 repetendum.
875 2553 990 2648 Supra
1006 2555 1080 2646 jam
1097 2552 1250 2625 vidimus
1269 2553 1384 2628 Elea-

291 2663 405 2732 ticum
448 2657 555 2732 illum
581 2657 756 2754 hospitem
775 2657 878 2754 apud
920 2656 1106 2732 Platonem
1143 2658 1383 2756 Xenophanis

292 2767 506 2840 sententiam
521 2765 656 2837 referre
670 2765 715 2836 ad
732 2789 961 2837 communem
983 2763 1082 2837 illam
1106 2763 1284 2839 Eleaticae
1303 2768 1382 2842 dis-

292 2871 447 2970 ciplinae
461 2869 667 2961 formulam,
686 2874 717 2940 ’ἐν
741 2882 861 2960 πάντας
887 2873 991 2967 cujus
1016 2871 1136 2970 placiti
1150 2873 1245 2946 haec
1268 2899 1380 2971 prae-

290 2983 399 3078 cipue
428 2982 478 3054 vis
507 2991 559 3052 est
585 3005 593 3050 ε
620 2978 881 3078 Quaecumque
898 2981 1035 3052 mundo
1062 3007 1257 3081 rerumque
1283 2987 1380 3057 uni-

290 3091 458 3164 versitate
480 3087 754 3176 contineantur,
776 3115 818 3160 ea
847 3089 966 3159 omnia
990 3115 1062 3162 esse
1088 3091 1377 3187 praedicantur:

290 3221 373 3294 ergo
391 3197 510 3293 ipsum
535 3193 627 3268 illud
644 3221 718 3268 esse
736 3195 809 3269 sive
833 3195 981 3268 essentia
1002 3221 1065 3292 per
1089 3198 1293 3271 universam
1315 3225 1378 3274 re-

288 3329 373 3375 rum
415 3315 581 3374 naturam
612 3302 749 3374 intenta
790 3299 861 3374 sola
906 3315 1069 3374 constans
1095 3315 1171 3393 est3
1204 3305 1378 3403 singulae

289 3435 374 3484 vero
399 3435 476 3500 res,
500 3409 528 3480 si
552 3407 596 3478 ab
620 3408 686 3482 hoc
711 3435 786 3482 uno
809 3409 984 3500 discedas,
1014 3408 1105 3482 nihil
1130 3409 1263 3482 babent
1279 3439 1378 3485 con-

288 3529 383 3588 stans
417 3527 481 3586 aut
502 3512 649 3602 stabile,
669 3540 743 3589 non
775 3529 885 3608 sunt,
917 3517 975 3589 sed
1013 3517 1182 3590 videntur
1209 3529 1371 3593 tantum.

288 3626 364 3697 Hoc
388 3623 586 3722 placitum,
606 3627 711 3718 cujus
742 3635 866 3697 auctor
898 3628 1106 3724 praesertim
1139 3627 1376 3704 Parmenides

288 3732 385 3823 fuit,
411 3734 450 3804 in
477 3729 632 3805 Eleatica
658 3733 844 3831 disciplina
866 3733 1090 3807 dominatum
1113 3745 1188 3824 est;
1211 3733 1296 3806 hinc
1324 3739 1375 3811 ad

288 3838 406 3933 ipsum
431 3839 543 3935 hujus
565 3837 703 3913 scholae
731 3851 913 3913 auctorem
940 3841 1046 3940 vulgo
1075 3841 1192 3938 coepit
1215 3841 1371 3917 referri:

287 3944 503 4046 immerito:
529 3972 687 4045 namque
710 3959 747 4021 et
769 3949 982 4046 scriptorum
1008 3949 1207 4023 testimonia
1234 3947 1372 4021 docent

288 4061 325 4121 et
354 4053 442 4124 ratio
470 4054 618 4152 prohat,
637 4056 904 4154 'Xenophanem
933 4063 963 4127 τὸ
986 4057 1019 4128 ὂν
1048 4081 1121 4126 non
1150 4059 1269 4154 ipsum
1300 4081 1371 4154 per
