2924 4820
349 337 414 405 tto
757 360 796 402 ns
818 359 1009 402 moresnrs

342 510 467 585 multis
491 513 592 584 annis
617 509 836 606 Xenophane
858 509 1020 606 superior
1042 507 1132 600 fuit,
1155 509 1296 606 quidam
1313 525 1396 586 retu·

342 617 489 710 lerunt,
514 640 732 714 quamquam
750 615 954 706 immerit03
976 615 1021 686 de
1046 614 1269 712 Xenophane
1289 629 1397 690 antem

342 739 484 825 praeter
508 725 593 798 alios
618 724 773 823 prodidit
813 723 966 796 Sabinus
994 723 1146 820 sophista
1170 725 1235 821 qui
1256 725 1319 796 sub
1338 727 1396 798 lla-

340 835 464 907 driano
500 834 646 906 Caesare
682 833 786 924 vixit,
810 855 1031 922 memorans,
1054 844 1096 902 ut
1132 836 1250 904 adrem
1280 833 1396 904 Anari-

339 943 462 1032 meni,
491 939 632 1012 Thaleti
658 961 812 1037 aquarn,
839 939 888 1011 sic
911 938 1128 1036 Xenophani
1153 951 1281 1010 terram
1306 939 1396 1011 habi-

338 1060 420 1120 tum
449 1071 522 1120 esse
555 1048 700 1117 initium
734 1044 834 1117 unde
864 1046 982 1115 omnia
1011 1047 1183 1131 amitino,
1211 1047 1276 1139 ipsi
1303 1047 1395 1116 etiarn

338 1152 521 1240 homines,
545 1153 769 1224 exstitissent.
798 1151 848 1220 At
876 1149 988 1242 hujus
1014 1150 1258 1220 testimonium
1284 1151 1396 1221 refellit

338 1254 499 1328 Galenus
524 1257 669 1347 dicens,
707 1259 736 1328 si
762 1255 1003 1350 Xenophanes
1026 1255 1074 1324 ita
1111 1257 1305 1343 statuisset,
1327 1257 1395 1326 ida

338 1363 575 1457 Theophrasto
598 1365 635 1433 iu
661 1363 885 1463 physicorum
909 1359 1047 1456 placitis
1069 1363 1297 1455 praeteritum
1314 1373 1394 1431 certo

336 1491 410 1539 non
431 1469 546 1540 fuisse.
574 1470 689 1564 Ipsius
717 1467 848 1542 Galeni
873 1467 979 1540 verba
1002 1467 1197 1538 adscribam
1222 1465 1245 1514 ¹⁴
1270 1493 1277 1539 :
1303 1474 1395 1544 Κοινῶς

270 1611 276 1628 ·
335 1574 368 1643 δὲ
405 1580 534 1644 καὶτῶν
575 1580 720 1668 ἐξηγητῶν
750 1574 816 1644 ἔνιοι
848 1579 1060 1665 mastichatum
1098 1575 1286 1671 Ξενοφάνονς,
1313 1572 1394 1666 οἷσπερ

336 1687 386 1748 καὶ
409 1681 555 1767 Σαβῖνος,
582 1683 692 1759 delhna
719 1685 834 1776 γράψας
864 1686 957 1758 αὐτοῖς
981 1687 1128 1770 ὀνόμασιν·
1161 1680 1227 1750 eivs
1254 1686 1309 1774 γὰρ
1331 1689 1393 1767 cap·

334 1813 392 1854 παν
412 1795 486 1882 ἀέρα
513 1791 591 1880 λέγω
613 1793 657 1857 τὸν
679 1787 862 1882 ἄνθρωπον,
885 1786 983 1883 ὅσπερ
1007 1779 1217 1878 Ἀναξιμένης,
1239 1786 1299 1856 ὥτε
1318 1785 1392 1879 hup,

335 1901 373 1970 ὡς
400 1894 525 1980 Θάλης,
554 1893 621 1964 οὗτε
649 1911 726 1987 γῆν,
759 1905 798 1971 ὡς
826 1895 862 1963 ἔν
890 1923 944 1964 τινι
978 1896 1150 1991 Ξενοφάνης·
1185 1894 1393 1984 οὐδαμόθεν

334 2004 417 2094 γὰρ
450 2007 711 2096 εὑρίσκεται
750 2011 764 2069 t
802 2001 1050 2097 Ξενοφάνης
1090 2009 1393 2098 ἀποφῃνάμενος

332 2104 477 2183 οὕτως·
514 2110 592 2175 ἀλλὰ
631 2111 680 2174 καὶ
709 2117 723 2174 ὁ
757 2108 881 2191 Σαβῖνος
917 2111 998 2184 αὐτὸς
1031 2107 1154 2186 erichtheo
1191 2115 1252 2190 ἐςιν
1283 2113 1313 2176 ἐκ
1349 2121 1393 2171 τῶν

333 2217 416 2280 αὑτοῦ
450 2214 694 2304 καταψονδέμενος
731 2216 784 2302 οὑχ
828 2206 874 2282 ὑπ’
908 2210 1025 2306 οἴγναας
1064 2217 1260 2310 ἐσφαλμένος·
1293 2241 1309 2286 ο
1335 2219 1393 2278 πάν·

333 2343 389 2395 τως
417 2315 457 2385 ἂν
484 2323 602 2409 &napaei
641 2324 818 2414 προςέγραψε
856 2324 887 2387 τὸ
915 2321 1056 2409 βίβλων,
1081 2327 1111 2389 ἐν
1135 2317 1162 2390 ol
1186 2333 1274 2388 ταῦτα
1297 2314 1392 2410 ἀπονή·

334 2447 415 2493 νατο·
442 2436 489 2492 νῦν
511 2426 543 2494 di
567 2421 653 2503 οὕτως
680 2423 822 2520 ἔγραψεν·
853 2423 917 2495 οἵτε
944 2443 1020 2518 γῆν,
1051 2437 1089 2503 ὡς
1112 2425 1146 2494 ἵν
1169 2453 1223 2495 τινι
1247 2426 1392 2519 Ξενοφάνης·

334 2527 401 2599 Καὶ
428 2532 596 2626 Θεόφραςος
623 2527 653 2601 δ’
682 2530 720 2600 ἓν
754 2541 784 2603 ἐν
818 2552 883 2609 ταῖς
910 2549 965 2600 τῶν
995 2549 1117 2628 φυσικῶν
1148 2535 1237 2616 δόξων
1269 2539 1393 2619 scirpos

336 2643 388 2716 τὴν
414 2637 581 2733 Ξενοφάνονς
606 2638 719 2727 δόξαν,
749 2646 828 2732 εἴπερ
855 2635 945 2716 olas
971 2635 1073 2728 εἶχεν,
1097 2645 1259 2735 ἐνέγραφον.
1287 2635 1324 2704 ln
1351 2630 1393 2700 hit

332 2734 416 2809 licet
442 2743 594 2812 Sabinus
622 2741 723 2814 lacile
747 2743 972 2814 excusandus
996 2745 1065 2830 sit,
1090 2748 1154 2840 qui
1184 2743 1240 2816 rel
1263 2739 1305 2811 ab
1328 2734 1392 2806 aliis

332 2841 400 2916 hoc
422 2845 561 2917 dictum
584 2851 760 2944 acceperit
778 2847 835 2922 vel
859 2850 898 2919 in
918 2847 1093 2922 versiculo
1106 2849 1279 2946 quodam,
1299 2861 1391 2939 quem

332 2962 370 3024 et
398 2947 457 3022 alii
486 2951 707 3043 laudarunt,
735 2957 910 3051 scriptum
936 2954 1090 3054 legerit,
1117 2967 1263 3054 apparet
1289 2965 1392 3021 tamen

334 3056 616 3154 Theophrastum
641 3061 751 3156 hujus
781 3063 901 3158 placiti
933 3062 1073 3132 nullam
1104 3063 1224 3135 fecisse
1255 3053 1391 3130 mentio·

333 3189 429 3236 nem.
461 3167 617 3239 Omnino
648 3193 734 3244 vero
768 3169 882 3240 obstat
912 3168 1119 3242 Aristoteles
1144 3169 1188 3260 ¹⁵,
1219 3189 1327 3265 quum
1351 3157 1389 3229 di·

332 3283 408 3360 cat,
425 3287 543 3345 cetera
572 3273 749 3347 elementa
775 3277 903 3367 omnia,
931 3281 1071 3364 aerem,
1095 3277 1237 3370 ignem,
1262 3287 1389 3366 aquam,

331 3375 474 3476 singula
499 3405 519 3450 a
546 3379 696 3478 singulis
729 3393 901 3478 usurpata
918 3407 1003 3462 ,esse
1039 3381 1270 3470 auctoribus,
1297 3369 1390 3446 ⁸⁰¹³OE

370 3657 436 3740 (ιιί)
460 3659 557 3721 Galen.
575 3665 603 3722 in
616 3663 781 3745 Hippocrat.
793 3663 827 3724 de
839 3665 905 3724 Nat.
919 3664 995 3724 hom.
1013 3665 1037 3738 l,
1049 3677 1116 3724 sect.
1133 3685 1157 3724 r.
1171 3665 1205 3722 T.
1221 3660 1271 3720 lll.
1282 3679 1308 3740 p.
1320 3647 1388 3736 981²·

334 3753 370 3815 td
392 3777 475 3834 quern
497 3761 674 3842 Hippocratis
693 3763 784 3822 locum
804 3764 862 3842 ipsa
881 3763 980 3822 Sabini
999 3763 1084 3822 rerba
1104 3771 1238 3843 spectant.

372 3868 438 3950 (15)
461 3875 588 3956 Metaph.
619 3877 654 3948 l,
680 3897 697 3957 7
726 3877 789 3935 init.
817 3877 879 3950 Quo
906 3877 965 3954 jure
994 3875 1116 3934 Wollius
1135 3873 1169 3932 ad
1190 3867 1310 3949 Origesis
1329 3856 1388 3958 Phil·

333 3969 391 4015 not.
412 3981 452 4042 9,
473 3964 573 4042 aliique
595 3965 688 4046 plures
710 3965 764 4023 hoc
784 3965 940 4025 Aristotelis
962 3967 1148 4026 testiinonium
1169 3963 1297 4022 seriorum
1311 3967 1388 4027 strip·

332 4054 429 4108 torum
450 4055 616 4114 auctoritate
640 4053 769 4133 redargui
790 4057 967 4136 putaverint,
990 4055 1045 4136 ipsi
1065 4053 1197 4118 uiderint.
