2840 4820
494 379 709 424 amnosorum.
1070 360 1129 426 Ml

85 544 187 604 autem
206 557 270 629 pro
288 531 365 604 Deo
398 531 551 627 subjecit
579 539 624 604 τὸν
650 545 732 621 ναῦν,
765 533 872 631 eique
901 533 987 606 adeo
1008 535 1136 610 tribuit

84 641 246 713 notionem
294 640 340 713 ab
371 640 482 736 ipsius
518 653 639 712 mente
674 638 839 712 alienam.
883 643 1044 742 Namque
1074 645 1137 740 (ut

81 759 225 820 veterum
250 745 462 820 testimoniis
491 745 657 844 constat)
687 747 825 843 primus
863 747 955 821 hanc
981 751 1134 822 nominis

80 853 282 924 notationem
319 853 508 951 usurpavit
535 854 775 951 Anaxagoras,
805 878 921 950 quum
949 881 1134 949 caussam,
1168 919 1172 926 .

81 983 158 1056 quae
181 961 303 1030 omnia
340 972 527 1051 moveret,
557 972 701 1032 mantem
738 957 934 1058 appellaret
967 960 1063 1054 :lica
1101 991 1136 1058 γε

79 1067 242 1160 ψιχὴνέχει
272 1073 322 1136 καὶ
343 1077 433 1159 μειζω
457 1072 507 1136 καὶ
543 1071 681 1155 sistro,
723 1079 889 1138 πάντων
915 1082 1007 1148 νοῦς
1031 1100 1135 1166 κρα-

79 1194 130 1242 τεῖ
157 1171 190 1244 ⁸¹.
219 1173 281 1264 Ab
306 1173 372 1246 hoc
388 1174 500 1272 igitur
528 1185 701 1272 tanquam
731 1175 847 1271 capite
875 1174 1030 1272 profecta
1048 1175 1136 1250 haec

76 1281 236 1353 sententia
270 1293 332 1354 est.
364 1281 435 1354 Iste
473 1292 597 1354 autem
632 1307 730 1355 error
767 1294 873 1354 natus
908 1294 961 1355 est
993 1309 1039 1356 ex
1074 1309 1136 1356 se-

77 1387 255 1484 quentinm
280 1385 571 1486 philosophorum
595 1388 775 1475 doctrina,
796 1389 861 1486 qui
877 1387 1012 1464 diversa
1035 1415 1137 1489 supe-

78 1494 194 1566 riorum
214 1493 346 1592 plaoita
368 1497 578 1595 cogitatione
597 1493 793 1592 complexi,
816 1495 913 1593 quod
938 1508 1138 1570 statuerent

76 1625 135 1673 ease
164 1626 292 1674 rerum
322 1602 569 1700 principium,
598 1600 694 1674 idem
725 1613 762 1674 et
790 1627 900 1674 unum
930 1614 966 1674 et
993 1616 1136 1675 mentam

76 1707 341 1802 praedicarunt,
371 1707 564 1806 ambasque
593 1705 670 1778 illas
701 1709 862 1781 notiones
890 1719 934 1779 ut
962 1733 1137 1782 connexas

76 1811 153 1884 inter
171 1837 209 1886 se
227 1825 268 1886 et
283 1827 445 1912 cognatas
461 1840 536 1887 una
554 1817 832 1908 conjunxerunt.
848 1815 905 1886 Sic
919 1812 1018 1886 Plato
1032 1841 1138 1913 prae-

75 1922 177 1992 sertim
208 1919 336 1994 multis
365 1919 449 1993 locis
478 1921 644 2013 disserit,
679 1921 776 2019 quod
805 1947 923 1992 unum
957 1921 1136 2022 pleneque

73 2051 131 2100 esse
153 2027 213 2124 (τὸ
239 2033 294 2120 ἓν,
321 2035 351 2098 τὸ
374 2032 521 2106 παντελῶς
543 2028 606 2125 ὂν)
632 2025 796 2115 dicatur,
823 2051 896 2098 non
918 2053 1017 2124 posse
1042 2029 1136 2103 illud

74 2147 224 2209 amente
256 2137 450 2234 segregari,
476 2135 536 2207 sed
562 2135 661 2207 hunc
687 2135 806 2208 Deum
830 2159 903 2208 esse
934 2137 1047 2208 omnis
1068 2163 1137 2209 na-

74 2249 160 2312 turae
186 2267 349 2315 caussam
374 2255 411 2314 et
440 2255 614 2316 rectorem
644 2239 678 2312 ⁸³.
861 2245 863 2252 '

109 2348 163 2422 Ad
182 2348 339 2422 eandem
360 2374 443 2448 ergo
461 2350 635 2420 rationem
656 2345 897 2420 Eleaticorum
912 2361 948 2420 et
960 2349 1137 2447 antiquio

73 2477 140 2526 rum
164 2458 276 2530 etiarn
301 2457 394 2528 dicta
413 2468 451 2528 et
468 2455 595 2552 placita
617 2455 887 2526 conformarunt
905 2456 1136 2552 interpretes,
1226 2489 1251 2522 ·,

72 2565 270 2658 praesertim
304 2561 606 2653 Neo-Platonici,
639 2561 695 2634 uti
718 2559 864 2632 Proclus
903 2561 1038 2660 Orphei
1072 2563 1139 2637 illo

71 2669 173 2764 dicto,
200 2675 234 2740 to
260 2679 393 2765 ἐγένετο,
420 2671 610 2770 significari
638 2669 688 2740 ait
713 2676 764 2749 τὴν
793 2673 915 2750 ὁλότητα
945 2683 991 2740 τοῦ
1019 2673 1137 2768 (inpraep-

71 2792 134 2870 yae
173 2792 232 2848 νώ.
267 2778 310 2848 In
349 2801 459 2874 quam
498 2776 833 2873 interpretationem
871 2775 1011 2848 inducti
1054 2789 1139 2850 sunt

72 2883 228 2980 sphaerae
246 2881 306 2954 illa
322 2882 487 2982 imagine,
512 2909 622 2981 quam
645 2883 690 2955 ab
712 2882 974 2982 antiquioribus
996 2883 1139 2957 desum-

71 2999 130 3060 tam
144 2990 277 3063 deinde
310 2989 355 3062 ad
386 2992 516 3062 mentis
544 2990 617 3064 vim
645 2989 915 3087 exprimendam
945 2989 1140 3064 transtule-

71 3111 167 3191 runt3
193 3099 246 3171 ita
270 3095 370 3168 Plato
395 3097 440 3170 de
464 3099 566 3196 Legg.
588 3097 626 3168 L.
648 3097 702 3188 X,
732 3125 767 3196 p.
791 3098 887 3194 898,
915 3097 949 3167 A
974 3124 982 3168 :
1012 3103 1139 3194 λέγοντες

72 3219 119 3276 uto
145 3217 198 3285 τήν
230 3233 261 3276 τε
285 3213 315 3276 ἐν
356 3211 396 3274 ἑνὶ
426 3215 575 3303 φερομένην
610 3214 720 3286 κίνησιν
746 3221 869 3302 σφαιρᾱς
905 3203 1033 3300 imapum
1056 3214 1138 3276 ἀπει-

71 3323 190 3406 κασμένα
216 3334 337 3412 φοραῖς,
362 3317 411 3383 οὐκ
440 3313 481 3382 oia
509 3340 575 3383 ποτε
601 3332 737 3409 φανεῖμεν
763 3313 859 3408 panici
881 3313 1039 3409 ohprwpyoi
1062 3313 1140 3407 λόγῳ

72 3423 155 3492 καλῶν
181 3428 307 3498 εἰκόνων.
333 3420 469 3495 Eadem
493 3419 756 3518 comparatione
773 3416 935 3490 Plotinus
952 3416 977 3466 ⁸⁴
1000 3415 1137 3508 utitur,

103 3657 161 3738 (82)
184 3660 369 3740 Anaxagorae
387 3657 476 3722 verba
498 3645 574 3740 apud
593 3656 722 3739 Simplio.
740 3655 824 3738 Phys.
844 3655 894 3716 fol.
915 3657 965 3730 33,
987 3655 1021 3715 Β.

103 3783 162 3861 (83(
185 3784 309 3868 Sophist.
330 3807 359 3869 p.
383 3784 462 3864 248,
482 3785 517 3846 E.
540 3783 648 3846 Phileb.
672 3803 701 3865 p.
726 3779 775 3842 28.
796 3802 855 3862 sqq.
878 3779 915 3841 ad
932 3801 959 3860 q.
974 3781 992 3840 Ι.
1013 3779 1142 3841 088111-

71 3869 142 3935 haum
160 3879 193 3936 in
219 3876 324 3938 Phihhi
346 3875 413 3937 edit.
437 3899 466 3958 p.
491 3875 531 3958 76
549 3897 591 3954 sq.

101 3989 164 4073 (84)
183 3993 375 4070 Ennead.VI,
388 4015 416 4075 7,
443 3992 488 4056 15.
511 4015 541 4074 p.
564 3990 668 4074 708D.
682 3991 726 4053 Jo.
750 3990 952 4052 Grammaticos
974 3991 1004 4049 in
1023 3987 1142 4062 Meteon.

72 4078 97 4155 Ι,
114 4083 162 4144 fol.
185 4075 228 4164 7¹8
247 4083 278 4144 B.
299 4081 354 4164 (ad
370 4083 473 4144 calcem
492 4081 653 4166 Olympiod.
670 4085 699 4142 in
709 4079 826 4143 Meteon
838 4081 940 4144 Venet.
962 4079 1047 4140 1551.
1061 4079 1074 4151 )
1090 4072 1146 4138 Μ
