2966 4824
252 341 313 407 164
649 356 697 406 ne
719 313 935 404 ranmmrs

250 525 414 602 versibus
435 540 515 600 turn
546 551 594 600 ex
624 523 775 597 aliomm
805 519 1012 595 testimoniis
1043 516 1228 592 manifesta
1250 531 1325 609 est3

250 645 384 747 quibus
410 645 616 744 comparatis
651 642 817 716 facillime
840 639 1039 742 apparebit,
1067 651 1247 739 quantum
1271 663 1326 711 so·

252 767 451 867 pbistarum
477 764 650 840 cavillatio
672 762 717 837 ab
729 763 823 836 illius
837 761 1022 836 severitate
1033 761 1135 834 absit.
1184 762 1327 853 Quom·

252 885 375 960 obrem
413 889 442 959 si
475 884 574 958 Plato
605 883 855 982 antiquiorum
886 881 1034 956 ‘nomine
1057 879 1327 972 Parmenidem,

253 1021 298 1080 ut
329 1007 497 1110 equidem
532 1007 658 1100 credo,
695 1005 844 1078 obscure
870 1003 1132 1103 significaverit,
1158 1001 1327 1076 nunides

253 1129 320 1204 boc
336 1130 510 1230 sophisma
532 1129 577 1204 ab
593 1129 669 1228 ipso
684 1125 915 1217 Parmenide,
933 1149 1045 1225 quem
1065 1137 1109 1196 ιιι
1129 1121 1326 1198 modestum

254 1265 291 1324 et
311 1276 456 1350 gravem
478 1249 728 1351 philosophum
750 1246 892 1340 laudat,
914 1245 1053 1320 editum
1075 1269 1169 1336 esse,
1201 1243 1261 1318 sed
1283 1269 1327 1315 ex

253 1371 332 1472 ejus
350 1373 656 1470 argumentatione
677 1368 821 1446 fluxisse
841 1371 988 1444 censuit.

706 1703 829 1783 -ςι,

304 1985 398 2055 Ente
413 1983 624 2076 eonstimto,
648 1982 814 2080 deinceps
835 1979 1039 2082 boc,qnale
1063 1985 1130 2074 ait,
1150 1981 1328 2074 describit,

256 2117 445 2202 notasque,
478 2101 611 2202 quibus
641 2105 772 2202 species
800 2101 912 2201 ipsius
938 2117 1127 2194 cernatur,
1166 2107 1330 2203 exponit,

257 2225 455 2298 informans
478 2223 569 2297 illud
593 2221 813 2310 immortale,
839 2221 1037 2315 immobile,
1063 2223 1263 2318 uniforme,
1277 2227 1332 2297 in·

256 2359 417 2446 tegrum,
437 2343 605 2418 omnibus
622 2344 780 2445 denique
799 2345 960 2418 numeris
975 2343 1177 2441 perlectum
1191 2347 1248 2419 ⁵⁶.
1289 2347 1332 2418 In

256 2465 310 2538 bis
334 2465 497 2539 notandis
509 2465 770 2540 Parrnenidesa
787 2463 970 2540 veteribus
986 2465 1145 2563 primum
1159 2467 1197 2538 in
1214 2493 1257 2541 eu
1274 2493 1334 2541 re·
1442 2473 1446 2478 ’

256 2585 504 2684 prehenditur,
523 2585 621 2686 quod
638 2587 704 2660 sibi
720 2587 795 2687 ipsc
810 2597 1001 2685 repugnet.
1027 2583 1166 2686 Negant
1176 2587 1294 2679 enim,
1305 2588 1334 2662 si

257 2733 322 2781 ens
346 2731 485 2812 unum
504 2715 588 2804 per
612 2733 657 2780 se
680 2732 756 2781 esse
780 2705 997 2797 affirmetur,
1022 2706 1220 2808 quidquam
1236 2733 1334 2807 posse

258 2827 303 2904 ad
327 2825 394 2899 boc
416 2850 536 2898 unum
560 2825 723 2928 adjungi:
748 2851 831 2898 nam
849 2825 997 2900 simulac
1011 2826 1197 2927 qualitates
1213 2829 1336 2929 adjun-

259 2961 407 3050 gantur,
438 2947 593 3048 exempli
626 2949 756 3048 gratia,
791 2947 821 3020 si
856 2947 969 3023 dicus:
1010 2975 1084 3022 ens
1115 2963 1169 3024 est
1197 2963 1335 3024 aeter·
1463 3015 1464 3024 ι

260 3097 383 3180 num,
398 3113 419 3124 -
436 3071 552 3142 stetim
569 3071 659 3146 duos
679 3069 846 3170 pluresve
870 3073 1032 3146 notiones
1050 3073 1231 3172 copulari,
1252 3101 1337 3176 qua·
1463 3149 1464 3168 ,

161 3243 163 3250 ,
261 3219 345 3267 rum
368 3191 434 3266 alia
452 3217 530 3266 rem
553 3191 1058 3292 subjectam(rlpodairu),alia
1072 3193 1233 3268 accidens
1248 3195 1336 3297 quid

260 3313 510 3412 (συμβεβηκός)
536 3327 649 3388 notet:
687 3341 770 3416 ergo
799 3331 863 3390 aut
886 3317 1003 3390 omnia
1027 3318 1092 3409 istu
1117 3315 1219 3389 nihili
1243 3343 1337 3411 esse,
1463 3385 1464 3426 ,

261 3453 325 3512 aut
347 3435 453 3536 plura
475 3435 662 3509 statuenda
683 3441 745 3512 τῶν
771 3437 865 3513 ὄντων
884 3457 1035 3538 genera,
1059 3437 1171 3514 veluti
1195 3437 1335 3536 subjec·

260 3573 342 3632 tum
364 3572 400 3630 et
420 3555 662 3656 praedicatum
683 3584 777 3658 quae
792 3559 1017 3658 appellantur
1030 3564 1087 3632 ⁵⁷.
1125 3558 1237 3661 Atqui
1252 3559 1338 3632 baec
1463 3543 1464 3584 l

261 3680 335 3777 ipsa
358 3677 579 3752 Parmenidis
603 3677 693 3752 ratio
717 3676 867 3779 arguere
892 3679 1056 3771 videtur,
1082 3705 1155 3754 non
1170 3679 1237 3752 hoc
1253 3704 1336 3753 eum
1463 3713 1464 3728 ι

263 3797 434 3891 voluisse,
467 3813 510 3872 ut
544 3799 589 3872 ad
624 3825 760 3874 unum
795 3826 873 3874 ens
906 3801 1025 3876 omnia
1049 3799 1253 3893 reduceret,
1276 3797 1335 3874 sed

295 3963 353 4030 (56)
385 3965 443 4018 Vid.
460 3983 509 4020 ru.
526 3965 558 4018 58
574 3965 628 4038 sq'q.
834 4013 837 4018 .
948 3997 953 4010 ·

296 4053 353 4118 (57)
388 4056 443 4107 vtd.
462 4056 584 4124 imprimis
603 4057 674 4110 Plato
692 4057 803 4128 Sophist.
823 4069 849 4112 et
869 4059 1015 4113 Aristotcles
1033 4058 1107 4130 Phys.
1128 4060 1156 4112 l..
1176 4062 1195 4112 l.
