2840 4820
464 359 678 430 amnosornrs}

95 829 155 899 Tali
181 831 296 928 igitur
324 841 452 902 natura
478 855 562 900 cum
586 829 631 900 sit
660 829 779 920 Deus,
807 831 964 904 eundem
989 833 1110 930 neque

61 933 212 1006 infinitum
241 961 365 1034 neque
391 933 521 1006 finibus
547 937 780 1007 terminatum
808 935 896 1008 dixit
925 965 932 1009 :
964 963 984 1009 (r
1012 941 1114 1010 Nam·

60 1065 111 1135 que
136 1042 343 1126 inlinitum,
367 1042 510 1138 inquit,
534 1041 708 1138 ejusmodi
733 1055 806 1134 est,
836 1043 933 1140 quod
956 1071 1023 1118 nec
1045 1045 1113 1116 ini-

60 1151 128 1220 tium
150 1175 273 1247 neque
306 1151 467 1223 medium
495 1177 615 1250 neque
643 1164 845 1224 extremum
876 1178 995 1251 neque
1022 1152 1114 1226 ullos

12 1349 13 1354 ἵ
59 1259 176 1328 omnino
199 1258 313 1330 habet
335 1259 446 1349 fines,
472 1259 509 1330 id
533 1271 655 1330 autem
689 1259 780 1330 nihil
805 1272 856 1332 est
879 1286 887 1329 :
910 1261 1006 1358 quod
1030 1287 1114 1334 vero

59 1361 97 1432 his
116 1362 242 1434 finibus
275 1365 514 1452 terminatur,
543 1365 580 1436 id
602 1391 675 1436 non
700 1391 817 1438 unum
842 1378 918 1457 est,
944 1367 1005 1440 scd
1032 1367 1114 1465 plu-

58 1465 132 1538 rihus
152 1483 294 1540 constat
319 1498 327 1541 ε
355 1497 436 1569 ergo
461 1497 545 1542 cum
571 1497 667 1542 unus
691 1473 735 1542 sit
758 1471 876 1562 Deus,
903 1485 1031 1544 neutra
1054 1473 1115 1546 ha-

61 1595 120 1644 rum
139 1575 394 1648 definitionum
423 1581 501 1672 ejus
527 1591 676 1649 naturae
703 1580 916 1675 congruit.»

92 1679 158 1752 Pari
177 1687 321 1756 ratione
339 1685 457 1756 Deum
480 1711 546 1758 nec
570 1683 779 1757 inmobilem
804 1712 876 1758 esse
902 1710 1022 1783 neque
1041 1712 1116 1757 mo-

60 1790 112 1859 reri
132 1791 380 1864 demonstrat:
404 1820 424 1864 «
450 1791 626 1864 Inmobile
650 1794 747 1864 enim
764 1821 848 1864 cum
865 1793 1039 1888 ejusmodi
1055 1797 1116 1886 sit,

60 1896 131 1988 quod
148 1923 217 1970 nec
246 1900 370 1996 ipsum
397 1899 544 1972 alterius
568 1911 670 1968 motu
697 1895 869 1969 afliciatur
897 1925 964 1972 nec
979 1925 1044 1970 suo
1068 1898 1117 1972 al·
1239 1905 1242 1912 ’

61 2011 151 2073 terum
174 2003 309 2076 alliciat
335 2019 453 2098 motu,
477 2006 514 2077 id
540 2005 686 2102 quidem
715 2004 806 2075 nihil
830 2017 882 2077 est
904 2032 911 2076 :
933 2006 1030 2102 quod
1052 2032 1115 2077 au·

60 2119 111 2178 tem
131 2125 324 2202 movetur,
351 2113 388 2184 id
417 2111 625 2184 mutationis
651 2111 788 2210 patitur
810 2111 1115 2202 vicissitudinem,

12 2295 13 2310 2
60 2225 141 2310 atque
167 2217 261 2288 adeo
288 2243 361 2288 non
390 2243 509 2289 unum
540 2229 593 2288 est
620 2217 681 2288 sed
712 2215 827 2288 multa
855 2245 862 2288 :
897 2243 979 2312 ergo
1008 2217 1116 2290 etiarn

12 2333 14 2458 p
60 2317 160 2394 harum
189 2323 423 2396 affectionum
450 2335 577 2395 neutra
601 2325 640 2394 in
662 2323 781 2396 Deum
806 2329 982 2396 convenit.
997 2350 1017 2394 ³>

12 2493 14 2618 p
92 2459 162 2553 Quo
184 2465 322 2536 rectius
342 2463 430 2534 haec
447 2461 675 2558 Xenophanis
698 2463 787 2532 ratio
805 2461 958 2555 judicari
984 2473 1020 2533 et
1037 2487 1117 2558 per-

12 2623 13 2646 ,
60 2567 123 2661 spici
151 2573 286 2665 possit,
321 2569 567 2642 contendendo
597 2579 650 2640 est
679 2593 763 2638 cum
793 2565 946 2638 aliorum
980 2566 1116 2664 placitis

12 2667 15 2808 l
60 2685 221 2767 veterum,
254 2676 317 2772 qui
342 2678 416 2769 jam
440 2675 524 2746 inde
553 2700 572 2744 a
600 2673 775 2772 principio
805 2672 866 2744 has
894 2675 1117 2770 quaestiones

61 2789 260 2872 tractarunt,
292 2793 388 2853 certe
412 2783 618 2880 attigerunt.
645 2781 755 2852 Ionici
792 2780 889 2852 enim
908 2779 1115 2878 ¹philosophi
1215 2877 1217 2886 y

12 2903 14 2936 l
61 2885 87 2954 in
110 2887 311 2983 quaerenda
334 2912 457 2960 rerum
480 2886 615 2984 origine
647 2888 832 2959 infinitum
859 2885 1026 2984 plerique
1049 2901 1116 2960 sto·

62 2991 186 3064 tuebant
213 2995 463 3093 principium,
494 2995 591 3091 quod
617 2995 735 3064 omnia
762 2997 962 3066 contineret
981 2995 1116 3090 ipsum·

62 3119 113 3192 que
136 3099 303 3174 divinum
335 3114 424 3174 esset
453 3127 460 3170 :
487 3100 584 3197 quod
611 3101 821 3170 nominatim
849 3100 1117 3172 Anaximandro

12 3271 13 3282 ,
62 3201 207 3295 placuisse
228 3209 436 3280 testificatur
453 3205 659 3278 Aristoteles
674 3207 776 3302 Phys.
796 3206 860 3295 III,
885 3206 908 3296 4
936 3233 942 3276 :
970 3215 1117 3278 ἀθάνατον

12 3297 14 3368 l
62 3315 103 3402 ‘sip
130 3321 175 3382 καὶ
206 3319 406 3411 melsdun,
442 3313 539 3409 ὥσπερ
571 3342 653 3411 φησιν
682 3323 696 3380 ὸ
725 3307 980 3408 Ἀναξιμανδρος,
1013 3319 1064 3382 καὶ
1096 3323 1118 3382 u‘

62 3419 147 3502 sluaa
170 3443 228 3493 τῶν
252 3426 433 3520 φυσιολόγων.
452 3423 506 3492 Ex
526 3421 593 3492 hoc
614 3432 734 3492 autem
752 3421 926 3516 principio
943 3447 1027 3492 curn
1044 3447 1118 3492 om-

63 3525 105 3596 nia
125 3543 201 3602 nata
222 3531 405 3622 dicerent,
429 3543 568 3604 motum
590 3551 735 3626 quoque
749 3529 796 3628 ⁴ei
815 3527 1024 3600 tribuerunt
1046 3531 1118 3604 sive

63 3629 90 3701 lt
110 3637 226 3711 eadem
250 3652 379 3710 natura
402 3637 649 3710 inhaerentem
668 3661 733 3706 seu
757 3659 887 3730 genere
908 3634 1117 3706 distinctum

12 3819 13 3824 ἵ
65 3749 90 3806 et
102 3749 312 3819 extrinsecus
329 3733 364 3816 ¹ei
381 3742 541 3815 allatum.
558 3744 605 3812 Hi
632 3755 750 3812 tamen
771 3739 984 3836 philosophi,
1002 3766 1119 3840 quum

12 3839 13 3870 ¹
67 3843 219 3926 dialectica
249 3865 326 3924 arte
354 3878 482 3949 parurn
509 3863 724 3939 uterentur,
755 3873 822 3918 nec
856 3847 1040 3918 infinitum
1065 3851 1118 3948 ip·

66 3975 125 4024 sum
147 3959 252 4056 quale
280 3971 391 4048 esset,
421 3983 541 4056 neque
569 3967 687 4028 motus
723 3967 887 4025 naturam
929 3955 1118 4028 studiosius

69 4061 276 4157 explorarunt
299 4077 335 4137 et
360 4064 612 4141 definiverunt.
635 4061 842 4136 Italicorum
863 4061 935 4135 fuit
957 4063 1044 4136 haec
1061 4065 1116 4136 in-
1201 4114 1206 4124 .
