2870 4824
308 337 353 402 ³2
595 355 788 402 unornane
812 358 884 401 rma
909 359 947 398 nr
970 357 1092 400 srunra.

356 515 523 615 Denique
550 515 737 590 interdum
767 512 866 585 illius
893 537 1027 585 nomen
1057 513 1238 588 vitiose:
1211 527 1393 614 εενοφάντνς

306 623 496 716 scribitur,
522 637 567 698 ut
591 627 631 696 in
657 621 814 695 Platonis
834 620 950 695 Schol.
977 620 1172 696 Ruhnken.
1198 650 1233 722 p
1258 649 1338 724 172.
1356 636 1395 695 et

305 730 346 800 in
372 731 619 829 Aristophanis
633 713 766 802 Schol.
795 729 918 828 Equit.
948 754 980 804 v.
1015 726 1116 820 406:
1134 741 1292 829 utroque
1315 729 1394 803 loco

306 837 514 910 manifestus
536 850 589 911 est
615 836 812 910 scribarum
836 861 946 908 error.

354 941 399 1014 In
411 943 599 1018 Athenaeo
611 942 744 1017 semel
735 956 943 1040 iterumque
957 943 1112 1014 occurrit
1130 941 1308 1040 scriptoris
1328 969 1395 1014 no-

305 1073 390 1120 men
416 1056 603 1149 Ζηνοφάνης,
620 1049 717 1149 quod
734 1074 819 1121 cum
837 1073 980 1147 prorsus
1005 1046 1159 1120 insolens
1185 1049 1395 1142 videretur,

305 1157 404 1229 vemt
416 1155 578 1228 al1cu11n
596 1168 778 1246 mentem,
802 1167 845 1226 ut
868 1179 933 1252 pro
960 1180 1048 1228 eo..
1021 1155 1180 1262 Ξενοφανης
1195 1156 1396 1228 restituen-

305 1260 395 1334 dum
414 1275 570 1360 putaret.
589 1261 662 1354 Qui
680 1275 801 1333 tamen
817 1263 915 1384 ipsos·
923 1247 1102 1335 Athenaei
1123 1260 1215 1334 locos
1231 1262 1285 1353 X,
1304 1261 1393 1353 424.

303 1368 344 1442 C.
374 1382 411 1441 et
431 1370 550 1462 XIII,
579 1368 714 1441 5363.
739 1369 958 1466 inspexerit,
986 1369 1020 1443 ei
1042 1369 1161 1440 statim
1186 1368 1394 1490 apparebit,

303 1423 550 1571 conjecturani
577 1477 669 1548 hane
695 1501 838 1573 prorsus
862 1501 936 1550 esse
967 1477 1214 1568 temerariam,
1239 1476 1396 1547 merito-

304 1609 378 1682 que
395 1588 500 1680 jama
524 1583 617 1655 Clar.
634 1583 767 1655 Cousin
789 1581 813 1653 l.
826 1581 849 1654 l.
869 1609 904 1680 p.
932 1581 979 1654 26
1003 1582 1195 1680 explosam.
1222 1583 1327 1656 Liber
1343 1583 1395 1655 is-

304 1693 376 1764 tius
391 1692 572 1789 scriptoris
584 1697 747 1787 cassaniola
764 1691 977 1787 inscriptum
991 1692 1264 1788 grammaticum
1275 1715 1394 1789 quen-

305 1797 388 1869 dam
419 1822 570 1897 arguere
599 1797 772 1889 videtur,
797 1796 843 1868 ad
869 1796 1139 1895 Xenophanem
1167 1809 1264 1870 certe
1298 1796 1395 1869 nihil

304 1904 474 2002 pertinet.

351 2013 449 2085 Haec
469 2011 654 2085 hactenus.
673 2012 752 2083 Iam
769 2010 814 2084 ad
829 2011 921 2108 ipsas
934 2010 1172 2110 Xenophanis
1185 2011 1394 2086 carminum

302 2117 471 2218 reliquias
484 2120 686 2208 veniemus,
701 2131 737 2190 et
751 2117 968 2214 fragmenta,
983 2132 1055 2190 tam
1069 2119 1113 2192 ad
1131 2118 1394 2216 philosophiam

300 2251 411 2325 quam
434 2225 612 2323 reliquam
624 2225 747 2322 poesin
764 2227 977 2322 spectantia,
1000 2225 1125 2298 ordine
1143 2227 1307 2324 disposita
1328 2254 1393 2300 ex·

301 2332 537 2432 plicabimus3
572 2330 796 2429 inquibus,
830 2355 877 2402 ne
909 2331 999 2430 quid
1022 2345 1158 2405 temere
1194 2331 1393 2432 neglexisse

298 2441 499 2532 videamur,
513 2465 571 2512 eos
586 2464 733 2536 quoque
746 2439 962 2536 scriptorum
974 2439 1067 2513 locos
1075 2441 1293 2532 reseremus,
1306 2443 1391 2539 qui-

300 2546 370 2620 hus
393 2545 451 2622 vel
476 2542 616 2645 singula
639 2548 719 2640 ejus
746 2545 855 2618 verba
887 2545 946 2622 vel
974 2548 1175 2619 testimonia
1209 2548 1392 2645 quaedam

299 2667 547 2728 memorantur
561 2683 571 2747 ;
594 2653 834 2750 adjungemus
847 2654 936 2727 item
952 2653 1273 2754 apophthegmata,
1293 2681 1393 2754 quae

299 2764 379 2853 ejus
398 2762 544 2832 nomine
560 2759 751 2847 feruntur,
765 2760 867 2857 'quod
885 2759 1051 2832 nonnihil
1067 2759 1188 2836 valent
1210 2762 1255 2834 ad
1275 2761 1393 2836 vitam

299 2875 379 2966 ejus
402 2882 440 2943 et
462 2869 669 2966 opinionem
685 2867 945 2941 declarandam.
971 2868 1075 2964 Quae
1097 2882 1220 2942 autem
1236 2870 1282 2942 de
1302 2870 1393 2944 Xe-

298 2977 474 3076 nophanis
487 2973 706 3074 philosophia
718 2987 755 3048 et
772 2973 910 3074 placitis
921 2978 960 3048 in
974 2989 1140 3052 veterum
1152 2975 1290 3074 scriptis
1309 3003 1390 3075 pas-

298 3085 367 3158 sim
404 3095 679 3156 commemorata
717 3095 885 3178 exstant,
915 3108 957 3156 ea
988 3083 1232 3182 disputatione
1266 3097 1390 3157 nostra

300 3191 346 3264 de
369 3189 604 3291 Xenophanis
626 3188 847 3290 philosophia
872 3189 1131 3290 explicabimus
1158 3203 1195 3263 et
1222 3187 1389 3264 illustra-

299 3299 429 3374 bimus.
