2924 4820
521 353 733 398 rnrtosornra.
1106 336 1168 402 195

107 494 239 566 Socratis
264 507 303 566 et
326 494 480 570 Platonis
507 509 645 590 aetate,
676 498 847 592 Eleatici,
876 499 1061 599 Megarici,
1089 504 1168 578 He-

29 573 31 694 l
105 598 261 692 melitici,
284 625 375 699 quos
397 603 455 676 hic
479 629 550 676 non
576 604 686 678 semel
711 606 848 702 carpit,
874 609 977 678 utin
1000 607 1166 708 Cratylo,

28 701 30 790 f
104 731 176 778 cum
200 705 289 780 dicit
302 707 325 744 ²³
346 735 354 780 :
377 716 427 780 καὶ
439 728 495 780 τῶν
507 723 554 780 νῦν
577 721 599 779 οῖ
621 714 716 782 πολλοὶ
741 729 796 781 τῶν
815 727 915 809 σοφῶν,
940 719 990 783 ὑπὸ
1009 727 1054 784 τοῦ
1078 723 1171 786 πυκνὰ

28 835 29 896 3
102 821 322 912 περιςρέφεσθαι
346 824 491 898 ζητοῦντες
511 817 565 908 ἕπῃ
589 815 654 908 ἔχει
677 825 715 886 τὰ
737 817 832 906 ὅντα,
853 825 897 888 ἀεὶ
921 822 1085 914 ἰλιγγιῶσι,
1111 822 1171 906 sqi‘

28 931 29 950 ¹
101 945 175 989 πειτα
202 923 297 999 αὐτοῖς
328 931 458 1018 φαίνεται
487 928 694 1020 περιφέρεσθαι
724 930 761 993 roi
793 935 953 1020 πράγματα
981 929 1030 994 καὶ
1058 937 1170 1006 πάντως

28 1085 29 1090 ,
100 1031 242 1123 φέρεσθαι.
257 1027 336 1098 Hoc
353 1026 501 1120 dictum,
512 1027 608 1126 quod
624 1027 668 1101 de
682 1027 805 1101 multis
820 1031 1054 1126 posteriorum
1067 1029 1169 1104 Elea·

100 1130 240 1204 tinorum
266 1130 385 1222 valet,
411 1157 484 1204 non
514 1145 609 1206 recte
637 1134 677 1204 in
705 1133 911 1232 disciplinae
937 1134 1048 1230 hujus
1078 1160 1167 1208 auc-

100 1247 181 1308 tores
204 1237 457 1311 Parmenidem
473 1251 510 1310 et
526 1237 782 1336 Xenophanem
806 1239 996 1313 Aristocles
1014 1253 1169 1314 transtu-

100 1342 145 1414 lit.
158 1344 282 1418 Potius
295 1347 335 1418 in
352 1347 533 1419 Zenonem
548 1348 730 1438 convenit,
747 1349 812 1445 qui
830 1373 924 1445 quae
942 1362 1171 1447 praeceperat

101 1450 322 1524 Parmenides
353 1451 519 1526 subtilius
556 1465 593 1524 et
622 1453 783 1549 argutius
807 1452 1029 1550 disputavit:
1059 1479 1170 1552 quare

101 1556 188 1628 hunc
226 1557 359 1631 merito
387 1555 592 1632 Aristoteles
632 1556 825 1656 appellavit
869 1558 1067 1634 dialectices
1109 1561 1170 1632 in-

100 1675 277 1738 ventorem
310 1663 343 1733 ²⁴.

140 1802 307 1876 Vidimus
329 1827 411 1901 ergo
436 1827 508 1901 quo
527 1801 681 1876 valuerit
706 1799 768 1873 illa
795 1800 1034 1898 Xenophanis
1060 1801 1171 1876 dubi-

102 1911 185 1980 tatio.
214 1911 315 1982 Haec
336 1911 451 2007 prima
473 1909 546 1982 suit
571 1909 648 1999 via,
674 1931 746 2006 qua
768 1909 909 1978 animus
934 1907 979 1978 ad
1010 1910 1066 1979 sui
1093 1933 1171 2005 cog-

101 2014 267 2088 nitionem
293 2015 475 2088 tenderet
514 2026 551 2086 et
584 2015 657 2089 rim
686 2016 760 2110 ipsa
784 2037 913 2103 suam,
944 2024 1104 2084 mentem
1135 2024 1173 2084 et

101 2121 359 2219 cogitationem,
376 2133 588 2220 agnosceret.
605 2121 706 2192 Hanc
722 2120 814 2194 riam
833 2117 895 2190 ille
912 2117 1069 2216 quidem
1090 2143 1172 2216 ape-

101 2229 187 2320 ruit,
215 2227 398 2325 persecuti
422 2239 508 2300 sunt
529 2227 736 2324 posteriores
759 2225 823 2323 qui
838 2279 847 2316 ,
865 2249 959 2322 quae
984 2222 1046 2296 ille
1072 2249 1174 2296 mon·

101 2347 281 2424 enaverat,
295 2333 501 2434 diligentins
517 2333 790 2432 explicuerunt,
804 2331 918 2408 veluti
931 2331 1173 2424 Parmenides,

101 2441 156 2538 qui
187 2441 266 2538 (ut
302 2441 408 2515 modo
440 2439 669 2537 memorari)
707 2441 912 2538 opinionem
946 2465 966 2510 a
998 2440 1173 2531 veritate,

101 2563 255 2624 mentem
280 2575 300 2622 a
323 2548 483 2624 sensibus
506 2547 636 2622 clarius
657 2549 827 2620 distinxit.
853 2547 1067 2644 Xenophani
1090 2571 1174 2622 vero

101 2656 203 2752 ipsam
246 2657 376 2728 mentis
408 2656 590 2726 notionem
613 2655 777 2726 nondum
802 2653 909 2726 fuisse
932 2665 1175 2749 perspectam,

102 2775 165 2833 tota
189 2765 274 2858 ejus
300 2762 391 2832 ratio
418 2759 575 2833 declarat
595 2757 630 2828 ²⁵.
651 2759 796 2851 Quanto
822 2761 943 2830 minus
965 2758 1051 2830 hnic
1062 2759 1176 2832 tribui

101 2880 208 2964 potest
224 2867 403 2964 tripartita
420 2865 481 2938 illa
501 2864 611 2938 animi
629 2865 752 2938 divisio
766 2865 805 2934 in
824 2869 933 2957 ψυχὴν,
959 2876 1036 2952 νοῦν,
1057 2873 1174 2961 φρένας,

27 2999 28 3038 ³
102 3001 203 3074 quam
226 2977 442 3048 sententiam
466 3003 486 3047 a
514 2973 617 3047 nullo
641 2973 788 3071 quidem
817 2983 983 3046 veterum
1007 2997 1177 3044 memora·

103 3093 193 3175 tam,
221 3081 373 3154 Brandis
400 3107 444 3154 ex
467 3082 580 3179 ipsius
609 3105 715 3154 versu
747 3077 904 3176 quodam
931 3075 1070 3150 efficere
1093 3091 1177 3149 stu·-

102 3185 200 3276 dnit,
232 3211 274 3259 eo
297 3187 502 3285 praesertim
534 3185 726 3277 inductus,
753 3183 850 3282 quod
885 3183 982 3256 idem
1004 3181 1178 3280 placitum

102 3292 352 3392 Pythagoreas
378 3291 562 3365 nonnullis
580 3289 809 3389 scriptoribus
836 3301 925 3362 esset
946 3287 1126 3361 tributum
1142 3286 1175 3359 ²⁶.

103 3398 171 3473 Iltsi
186 3397 373 3473 fatendum
385 3411 438 3474 est
450 3399 487 3472 id
500 3424 572 3472 non
585 3399 707 3472 minus
720 3424 740 3470 a
753 3396 972 3495 Pythagorae
984 3420 1095 3494 quam
1106 3394 1177 3468 Xe

141 3586 203 3667 (23)
226 3586 336 3649 Platon.
358 3587 467 3670 Cratyl.
486 3609 514 3670 p.
535 3587 615 3665 411,
637 3589 669 3649 B.
694 3591 727 3648 C.

141 3698 204 3783 (24)
225 3702 260 3762 In
279 3701 428 3786 Sophiste,
449 3701 596 3785 deperdito
616 3701 699 3764 libro.
723 3701 790 3764 Vid.
815 3703 936 3782 Diogen.
959 3702 992 3761 L.
1014 3699 1102 3778 VIII,
1127 3699 1173 3780 57.

106 3785 199 3852 Sextus
219 3791 301 3875 Emp.
325 3793 415 3855 Malli.
437 3795 513 3870 vll,
537 3815 564 3875 7·
837 3811 840 3819 “

142 3901 202 3987 (25)
224 3907 378 3990 Tetigimus
399 3907 429 3970 id
443 3930 531 3992 supra
552 3931 580 3992 p.
607 3909 663 3992 139
683 3929 724 3988 sq.

143 4015 204 4100 (iri)
225 4019 345 4084 Braudis
355 4023 510 4086 comment.
518 4021 606 4084 Eleat.
620 4043 649 4104 p.
661 4025 710 4103 37.
722 4041 787 4086 usus
797 4039 879 4086 versu
895 4019 961 4098 illo,
973 4039 1053 4102 quem
1063 4025 1177 4104 exposui
