2840 4820
189 356 194 368 ·
269 333 315 398 61
711 352 904 398 1110111111
959 393 965 404 ,

269 508 515 596 παλαισμοσύνην,
533 525 595 599 np.
610 509 735 596 ἀγαθός.
752 501 924 574 Similiter
937 501 1114 574 Pindarus
1128 499 1271 601 Olymp.
1286 504 1359 596 VI,

277 636 345 710 17.
337 621 463 701 ‚fldvfw
482 637 498 678 τ
497 603 643 703 ἀγαθὸν
667 640 717 678 καί
712 609 815 706 δωρ1
837 615 1024 706 μάρνασθαῐ.
1042 607 1121 679 ΜΟΧ
1146 609 1268 682 denuo
1293 635 1362 686 va-

270 717 339 787 riat
366 717 406 786 in
432 733 570 806 ταχυτῆτι
600 715 712 802 ποδῶν,
739 715 804 788 ubi
828 713 1053 814 intelligatur
1076 717 1156 810 νικῷ.

319 848 369 895 vs.
400 820 494 892 18.‘'
477 852 530 893 occ
561 821 700 918 -ἕργα
716 826 807 893 πέλει.
832 823 994 920 Interpp.
1023 821 1403 918 1111111111]1111-,

269 941 362 1030 gunt
382 955 467 1002 cum
492 929 756 1028 praecedenti
737 940 857 1026 ρώμης,
875 929 991 1006 veluti
1012 927 1150 1002 dictum
1169 942 1260 1002 essct
1276 931 1361 1002 ita:

270 1042 357 1134 τόπερ
380 1035 429 1120 ἔςι
445 1045 579 1134 πρότιμον
604 1053 659 1107 τῶν
686 1035 786 1133 ῥώμης
810 1036 905 1134 ἔργων
929 1031 990 1106 ἕσσ
1015 1043 1044 1106 έν
1062 1045 1150 1130 ἀγῶνι
1174 1041 1266 1106 πέλει.
1294 1035 1363 1108 Ρο-

277 1145 350 1216 tius
386 1145 461 1216 ι’σσα
503 1139 736 1218 referendum
778 1153 868 1240 puto
909 1142 954 1214 ad
997 1155 1127 1216 cuncta
1159 1141 1221 1215 illa
1264 1170 1364 1243 quae

268 1253 377 1326 modo
402 1254 637 1360 memoravit
647 1252 888 1324 certaminum
917 1275 1085 1349 genera:
1114 1250 1361 1372 pugillatum,

272 1358 574 1459 quinquertium,
600 1325 738 1430 luctam
751 1383 951 1450 ,cursum,
971 1355 1131 1456 quibus
1121 1370 1217 1430 mter
1234 1383 1272 1432 se
1292 1359 1364 1436 viri

272 1463 429 1540 solerent
454 1463 683 1537 contendere.

320 1598 368 1648 vs.
403 1597 457 1669 19.
486 1571 616 1643 τοῦνεκεν
645 1570 774 1644 111811
799 1569 923 1670 plures
947 1569 1053 1664 libri,
1078 1595 1168 1669 quos
1194 1573 1364 1672 sequitur

272 1679 499 1771 Dindorfius3
525 1679 587 1750 1111
610 1679 742 1749 τοῦνεκεν
760 1679 812 1775 ἂρ.

322 1813 372 1862 vs.
403 1812 460 1858 21.
489 1787 574 1882 νικῷ.
603 1785 897 1885 Schweightiuser
912 1797 977 1858 aut
1001 1787 1089 1882 νικῴη
1107 1798 1172 1858 aut
1191 1789 1261 1878 νικᾷ
1272 1789 1364 1860 scri-

273 1893 436 1968 bendum
457 1893 564 1967 fuisse
590 1893 757 1992 putabat,
784 1891 893 1965 falsus
922 1891 960 1964 in
987 1917 1029 1964 eo
1060 1892 1159 1991 quod
1192 1893 1364 1992 opinaba-

272 2014 335 2073 tur
358 2001 398 2071 in
421 2001 582 2097 optativo
600 2001 670 2072 dici
689 2024 764 2071 non
779 2025 879 2096 posse
901 2001 994 2092 νικῷ,
1021 1999 1120 2095 quod
1143 2013 1265 2074 tamen
1290 2003 1366 2074 usi-

273 2121 392 2181 tatum
418 2118 481 2178 est.

322 2241 371 2291 vs.
395 2239 453 2284 22.
474 2217 504 2284 οὐ
526 2221 585 2310 γὰρ
602 2225 716 2286 πιαίνει.
733 2210 961 2309 Xenophanis
986 2210 1053 2284 hoc
1075 2211 1214 2286 dictum
1230 2218 1365 2315 repetit

275 2321 436 2393 Eustath.
462 2345 498 2417 p.
525 2345 635 2418 1229,
660 2345 717 2390 11.
736 2333 781 2391 ut
797 2330 897 2390 notat
916 2319 1022 2392 Dind.
1041 2321 1265 2394 Sententiam
1286 2349 1364 2399 ver-

275 2453 384 2500 suum
409 2424 803 2524 15-19illustrat'locus
826 2424 986 2496 Isocratis
1003 2423 1132 2524 Paneg.
1154 2428 1183 2498 I.
1214 2434 1364 2511 Πολλάκις

274 2541 437 2627 ἐθαύμαοα
454 2575 503 2587 -
524 2533 566 2605 ὅτι
592 2543 644 2612 τὰς
675 2534 728 2626 μὲν
754 2550 810 2602 τῶν
832 2541 975 2624 σωμάτων
997 2534 1106 2616 εὐεξίας
1133 2535 1203 2604 ούτω
1225 2543 1366 2630 μεγάλων

273 2644 386 2739 δωρεῶν
412 2645 563 2730 ἠξίωσαν,
587 2659 643 2720 τοῖς
664 2643 696 2711 δέ
720 2643 792 2736 ὑπὲρ
813 2656 868 2708 τῶν
890 2655 987 2708 κοινῶν
1008 2640 1066 2727 ἰδίᾳ
1086 2651 1224 2720 πονήσασι
1247 2651 1367 2725 καὶτὰς

274 2759 380 2820 ἑαυτῶν
396 2757 490 2843 ψυχὰς
507 2752 577 2820 οὕτω
590 2761 848 2846 παρασκευάσασιν
860 2749 933 2817 ὥστε
945 2752 995 2815 καὶ
1005 2752 1065 2826 τοδς
1076 2749 1180 2828 ἄλλως
1191 2755 1309 2849 ὠφελεῖν
1320 2755 1369 2824 δῦ-

275 2864 411 2944 νασθαι,
437 2862 538 2934 τούτοις
565 2857 696 2948 ούδεμίαν
723 2865 808 2949 τιμὴν
838 2861 1012 2947 ἀπένειμαν·
1045 2851 1084 2924 ὦν
1110 2861 1181 2934 εἰκὸς
1206 2854 1240 2938 ἦν
1267 2860 1368 2940 αὐτοὺς

274 2967 384 3056 μᾶλλον
407 2967 587 3042 ποιήσασθαι
616 2972 757 3059 πρόνοιαν.
782 2966 848 3032 Τῶν
873 2964 926 3054 μὲν
950 2967 1008 3090 γὰρ
1031 2963 1171 3041 ἀθλητῶν
1196 2963 1239 3040 δὶς
1264 2973 1368 3034 τοσαύ-

275 3095 326 3151 την
349 3067 451 3165 ρώμην
478 3069 652 3156 λαβόντων,
680 3065 819 3138 ούδὲνᾶν
847 3070 930 3138 πλέον
957 3074 1061 3160 γένοιτο
1082 3085 1138 3145 τοῖς
1165 3066 1279 3148 ἄλλοις·
1309 3077 1369 3151 ἑνδς

274 3170 483 3272 οἳάνδρδς’
451 3203 482 3246 ευ
507 3188 692 3312 φρονήσαντα
718 3177 845 3255 ἅπαντες
869 3172 908 3245 civ
933 3177 1174 3248 ἀπολαύσειαν
1150 3205 1173 3244 οι
1198 3175 1286 3262 βονλό
1287 3205 1368 3270 μενοι

275 3301 416 3358 κοινωνεῖν
443 3299 492 3368 της
522 3291 626 3357 ἐκείνοι
651 3285 784 3363 διανοίαις.
