2870 4824
428 372 503 418 trra
526 373 565 418 nr
588 374 712 418 sennia.
1075 356 1116 420 13

66 550 146 624 qnam
169 523 407 600 Phocaeenses
439 525 522 627 Cyri
554 527 837 604 dominationem
866 530 1046 631 fugientes
1076 531 1117 604 in

65 631 170 704 ltaliam
190 657 226 705 se
247 635 485 732 recepissent,
511 633 636 733 ibique
658 623 834 710 coloniam
861 650 982 735 postea
1013 637 1116 722 ‘Talna

64 739 114 812 sire
127 743 254 812 Veliam
264 740 484 840 appellatam
501 742 759 836 condidissent,
776 731 1013 842 Xenophanes
1027 771 1115 842 pro-

64 847 165 918 tectior
179 849 252 940 jam
272 860 398 922 aetate
409 848 536 924 eodem
553 849 718 949 migrasse
736 861 775 924 et
792 849 885 922 hanc
905 849 978 924 sibi
995 851 1117 926 sedem

65 952 203 1052 delegisse
227 955 386 1029 videtur.

95 1060 296 1155 Hujusmodi
323 1066 401 1160 ejus
424 1062 516 1136 vitae
540 1063 630 1135 ratio
651 1063 738 1156 fuit,
757 1089 858 1162 ¹quae
884 1062 1018 1137 multas
1033 1089 1118 1138 sane

19 1207 20 1250 i
64 1167 85 1238 ei
101 1167 291 1264 praebuisse
308 1169 454 1244 videtur
474 1181 548 1240 tam
572 1171 709 1268 ingenii
733 1169 888 1244 acuendi
905 1197 1016 1269 quam
1032 1171 1119 1244 doc-

19 1277 21 1398 ι
64 1273 147 1346 trinae
177 1275 441 1373 comparandae
473 1278 789 1375 opportunitates,
824 1303 981 1376 quarum
1014 1279 1116 1377 copia

64 1383 118 1476 ejus
137 1395 246 1456 aetate
274 1383 375 1457 haud
391 1383 531 1460 defuit.
562 1384 779 1458 Adolescens
807 1387 906 1459 enim
934 1411 1051 1485 quum
1076 1387 1117 1458 in

64 1489 132 1562 Ionia
158 1504 386 1584 versaretur,
420 1493 562 1592 vigebat
591 1494 711 1567 Ionica
742 1492 996 1593 Philosophia,
1028 1521 1119 1568 auc-

65 1607 115 1668 tore
136 1597 427 1694 Anaximandro,
455 1602 655 1699 provectior
678 1613 803 1674 autem
829 1613 945 1674 aetate
971 1627 1057 1674 curn
1080 1603 1120 1673 in

65 1701 167 1776 ltaliam
194 1709 374 1798 venisset,
401 1707 454 1779 ibi
482 1721 625 1806 praeter
648 1721 784 1784 ceteros
814 1709 997 1782 doctrinae
1025 1711 1120 1784 fama

66 1819 302 1890 etauctoritate
322 1817 471 1890 florebat
496 1817 732 1918 Pythagoras,
760 1821 866 1913 cujus
893 1817 1120 1916 disciplinam

63 1921 204 2013 jamtum
237 1925 440 1998 innotuisse
470 1923 656 2023 probabile
689 1935 753 1996 est.
779 1923 908 2022 ltaque
931 1924 1016 1998 licet
1038 1952 1118 1998 ma-

64 2026 152 2122 gistros
171 2033 250 2127 ejus
274 2033 504 2132 ignoremus,
532 2056 607 2102 non
634 2042 757 2102 tamen
783 2042 835 2103 est
857 2029 1034 2122 dubium,
1064 2032 1121 2106 his

64 2157 122 2205 eun
151 2137 485 2235 opportunitatibus
520 2137 692 2232 adjutum
726 2135 772 2208 ad
806 2149 943 2208 tantam
977 2163 1015 2210 se
1052 2163 1118 2210 ex-

63 2237 153 2314 tulisse
172 2247 446 2341 praestantiam,
471 2257 514 2317 ut
542 2243 703 2318 doctrina
726 2255 764 2316 et
785 2244 998 2317 auctoritate
1015 2245 1121 2342 prin-

63 2345 167 2443 u'pibus
185 2351 358 2444 Hesiodo,
375 2351 613 2451 Pythagorae,
637 2349 834 2442 Hecataeo,
859 2363 1120 2425 annumeratus
1159 2341 1162 2350 ¹

63 2454 92 2523 sit
104 2456 130 2528 ²⁴.
161 2460 280 2534 Senex
312 2472 434 2533 autem
462 2459 586 2533 Veliae
616 2459 824 2556 praesertim
854 2459 1002 2557 degisse,
1020 2458 1121 2531 vide-

63 2563 152 2658 tur¹⁵,
176 2566 242 2642 ubi
267 2565 514 2666 philosophiae
538 2566 665 2640 studiis
691 2568 855 2639 intentus
882 2564 1119 2638 fundamenta

62 2667 122 2760 jecit
137 2676 212 2769 ejus
233 2673 468 2774 disciplinae,
496 2699 590 2774 quae
616 2673 748 2747 deinde
770 2677 948 2746 Electicoc
975 2674 1121 2748 nomine

64 2775 279 2854 celebritatem
297 2782 424 2879 adepta
448 2793 511 2854 est.
537 2780 748 2853 Auditorem
767 2782 847 2874 ejus
869 2791 907 2852 ct
931 2778 1121 2852 aemulum

64 2887 280 2962 Pomenidem
297 2888 405 2962 fuisse
424 2915 445 2962 a
465 2886 647 2988 plerisque
669 2885 850 2960 creditum
874 2899 926 2974 est
949 2913 957 2957 ε
983 2897 1120 2958 constat

90 3097 138 3178 (til
155 3099 319 3162 Heraclitus
338 3123 384 3184 ap·
404 3103 524 3182 Diogen.
540 3101 572 3160 b.
591 3099 647 3174 lX,
667 3121 691 3160 1.
711 3097 880 3176 Πολνμιθῖη
899 3099 950 3160 ro'or
967 3100 996 3158 oo'
1011 3096 1123 3160 dadsis-

70 3189 228 3254 ululato
249 3190 306 3274 vaip
317 3189 348 3255 dr
370 3191 489 3269 idc'dals
505 3189 550 3254 nal
564 3188 748 3272 lleSaeyo'pnr,
768 3185 852 3251 aitis
875 3217 906 3251 rs
927 3188 1124 3270 lsrepa'rui

70 3303 86 3334 n
102 3283 140 3342 ul
167 3284 325 3346 'turaias
348 3285 418 3344 Cum
444 3283 546 3344 talibus
572 3283 640 3344 viris
675 3283 828 3363 vituperari
854 3280 1025 3360 Xenophani
1048 3277 1123 3341 haud

67 3371 148 3434 numa
168 3375 228 3434 laus
249 3377 321 3450 luit,
345 3375 508 3456 praesertim
533 3393 597 3434 cum
621 3373 779 3432 Heraclitus
798 3372 900 3432 soleret
919 3391 978 3432 esse
995 3373 1026 3429 iu
1044 3369 1121 3452 judi-

66 3460 128 3522 endo
145 3467 293 3525 morosior.

90 3551 141 3632 (25)
163 3559 274 3617 Veliae
290 3575 354 3615 eum
369 3554 476 3637 degisse
492 3554 544 3614 etsi
562 3573 621 3614 non
637 3565 732 3635 aperte
748 3573 763 3612 a
780 3551 921 3614 veteribus
938 3561 1121 3611 memoratum

65 3639 102 3715 tit,
116 3647 176 3706 satis
189 3659 288 3706 tamen
304 3647 439 3728 probatur
456 3665 506 3720 eo,
524 3643 600 3724 quod
619 3644 654 3704 ab
674 3644 803 3704 omnibus
823 3663 880 3702 uno
901 3661 949 3702 ore
963 3641 1123 3701 Eleaticoe

64 3727 198 3812 disciplinae
215 3747 317 3796 auctor
332 3735 537 3818 praedicatur:
564 3755 580 3794 a
605 3734 720 3793 Platone
738 3731 877 3814 (Sophist.
900 3753 933 3812 p.
956 3727 1026 3807 224.
1060 3725 1121 3810 D.)

66 3819 201 3902 Plutarcho,
221 3829 313 3889 Sexto
334 3827 476 3910 Empirico
487 3873 495 3903 ,
523 3827 665 3887 Clemente
689 3822 900 3898 Alexandrino,
915 3821 983 3881 aliis
1002 3839 1072 3899 quos
1091 3821 1123 3880 in

66 3915 210 3993 uplieandis
223 3917 286 3999 ejus
298 3916 408 3998 placitis
418 3915 601 3977 laudabimus.
618 3916 762 3975 Praeterea
772 3912 879 3973 dictum
890 3911 948 3994 ejus
961 3908 997 3971 ad
1011 3910 1123 3970 Eleates

66 4019 208 4068 ueneratur
227 4009 264 4072 ab
283 4007 449 4084 Aristotele,
474 4006 550 4088 quod
567 4007 642 4067 inira
662 4006 763 4086 fragm.
783 4001 921 4067 XXXIV.
933 4000 1017 4065 retuli
1026 4045 1036 4082 ,
1055 4001 1123 4062 item

67 4109 166 4175 umen,
185 4118 242 4178 quo
259 4097 346 4179 hujus
360 4098 486 4164 ,civitatis
504 4097 642 4178 originem
662 4094 824 4158 celebrarit.
