2840 4820
576 341 582 358 ¹
732 345 924 390 ΣΙΝΟΡΙΑΜΕ

784 559 870 624 XXI.

323 747 539 836 'Athenaeus
554 763 624 857 xl,
646 789 682 862 p,
704 761 797 856 462,
815 765 1061 861 fragmentum
1079 765 1147 840 hoc
1167 770 1278 843 refert
1294 797 1365 842 ear·

279 869 387 941 minis
409 868 624 967 ecnvivalis,
650 871 690 942 in
728 893 803 968 quo
827 882 1091 969 temperantem
1119 873 1271 972 quidem
1309 877 1366 950 sed

277 987 400 1052 tamen
417 977 627 1074 Jueundum
645 979 833 1053 convivam
855 991 893 1051 et
908 1005 1055 1057 suavem
1072 985 1161 1054 ἀοιδὸν
1178 1009 1343 1084 agnoscas
1357 1013 1365 1058 :

289 1175 298 1202 ⁵
376 1185 440 1256 Νῦν
466 1191 525 1280 γὰρ
550 1185 586 1268 δὴ
610 1184 734 1266 ζάπεδον
757 1189 893 1280 καθαρὸν
919 1190 970 1253 καί
996 1203 1095 1280 χεῖρες
1119 1196 1256 1256 ἁπάντων

426 1297 476 1360 καί
497 1293 630 1369 κύλικες·
655 1293 793 1368 πλεκτοὺς
819 1285 847 1360 δ’
871 1296 1037 1388 ίμριτιέείς
1062 1301 1219 1389 ςεριὶνους,

376 1397 466 1476 ἄλλος
490 1392 520 1468 δ’
546 1397 648 1476 εὐῶδες
668 1402 756 1492 μὺρον
777 1403 808 1467 ἐν
834 1399 920 1494 φιάλη
944 1404 1128 1494 παρατείνει·

425 1514 539 1602 κρατὴρ
562 1499 590 1575 δ’
615 1503 736 1585 ’ἕστηκεν
759 1508 849 1597 μεςός
874 1507 1063 1601 ἐϋφροσύνης·

277 1611 299 1684 5
375 1611 462 1704 ἄλλῳ
486 1605 516 1682 δ’
540 1607 607 1688 οἶνος
631 1611 735 1703 ἕτοιμος
760 1612 790 1688 ὃς
813 1610 913 1681 οὔποτε
940 1617 1007 1707 φησί
1027 1612 1204 1708 προδώσειν,

424 1720 581 1810 μείλιχος,
607 1725 637 1788 ἐν
662 1726 818 1814 κεράμοις,
843 1715 952 1794 ἄνθεος
978 1719 1141 1810 ὁσδίμενος·

379 1829 409 1893 ἐν
431 1825 463 1894 δὲ
487 1831 583 1916 μέσοις
607 1833 698 1918 ἁγνὴν
723 1823 811 1916 ὀδμὴν
836 1823 1000 1909 λιβανωτὸς
1025 1831 1107 1905 ἵησι·

424 1935 532 2029 ψυχρὸν
555 1924 585 2002 δ’
605 1935 666 2015 ἐςίν
686 1931 765 2028 ὕδωρ
789 1936 840 2000 καί
863 1933 954 2028 γλυκὺ
977 1937 1028 2000 καί
1049 1937 1203 2031 καθαρόν·

374 2049 544 2136 πάρκεινται
560 2033 597 2120 ,δ’
614 2039 696 2136 ίίρτοι
711 2043 828 2128 Ιξανθοί
849 2051 961 2137 γεραρή
984 2067 1016 2110 τε
1038 2050 1169 2138 τράπεζα

281 2169 326 2220 10
425 2159 505 2244 τνρῶ
530 2153 580 2216 καί
601 2151 713 2239 μελιτος
736 2158 824 2226 πίονος
848 2147 1023 2241 ἀχθομένη·

374 2255 472 2346 βῶμος
492 2245 524 2323 δ’
543 2251 670 2322 ἔνθεσιν
695 2255 765 2324 αὐτὸ
787 2251 874 2346 μέσον
897 2265 991 2337 πάντη
1012 2261 1205 2344 πεπὺκαςαι,

421 2365 518 2454 μολπὴ
541 2355 570 2431 δ’
583 2367 667 2460 alapia
687 2361 754 2453 ἔχει
777 2363 902 2454 δώματα
924 2369 975 2432 καί
996 2367 1103 2447 θαλίη.

373 2473 441 2566 Χρὴ
463 2471 494 2540 δὲ
517 2485 627 2566 πρῶτον
650 2473 705 2562 μὲν
729 2475 799 2541 θεὸν
821 2474 908 2563 ὑμνὲν
931 2468 1065 2570 ἐΰφρονας
1088 2471 1201 2568 ἄνδρας

273 2771 359 2838 XXI.
381 2776 498 2858 Jamque
521 2777 598 2838 enim
621 2776 730 2838 lautum
755 2790 799 2838 est
822 2778 1035 2860 pavimentum,
1063 2778 1156 2840 lautae
1180 2779 1368 2844 convivarum

1267 2891 1366 2933 manus

389 2967 417 3015 et
438 2954 560 3016 calices:
583 2956 654 3016 alius
674 2955 801 3036 plectiles
822 2957 943 3040 imponit
961 2978 1096 3032 coronas,

386 3044 456 3106 alius
477 3044 624 3106 odoratum
646 3058 820 3127 unguentum
844 3049 874 3106 in
896 3047 989 3129 phiala
1008 3047 1176 3120 ministrat;

375 3149 467 3197 crater
483 3135 575 3198 adstat
593 3137 689 3218 gaudii
709 3151 737 3198 et
756 3137 921 3198 deliciarum
941 3139 1062 3218 plenus;

271 3227 292 3288 5
383 3227 430 3289 alii
452 3239 544 3290 autem
564 3231 661 3292 vinum
683 3241 794 3312 praesto
815 3241 873 3306 est,
893 3227 970 3308 quod
989 3229 1123 3290 convivas
1139 3228 1216 3290 haud
1236 3232 1367 3312 prolecto

890 3383 894 3390 ,
1109 3321 1110 3324 ’
1230 3320 1368 3396 deficiet,

382 3405 481 3482 dulce,
502 3408 532 3466 in
549 3404 633 3467 doliis
652 3418 798 3486 paratum,
821 3428 935 3470 suavem
956 3408 1095 3490 spiritum
1108 3409 1252 3472 exhalans.

387 3496 501 3558 Medios
515 3509 609 3560 autem
622 3496 697 3556 iuter
713 3497 847 3559 convivas
863 3509 970 3558 castum
980 3496 1096 3558 odorem
1114 3497 1198 3582 thura
1212 3503 1365 3582 emittunt;

381 3587 487 3669 frigida
508 3606 617 3666 quoque
640 3584 719 3647 adest
737 3573 808 3666 aqua
828 3599 856 3648 et
869 3587 959 3648 dulcis
981 3600 1009 3648 et
1027 3609 1113 3671 pura3

383 3677 506 3759 appositi
514 3688 579 3736 sunt
589 3695 675 3758 panes
695 3679 741 3738 avi
761 3697 910 3757 mensaque
930 3678 1004 3738 lauta

274 3787 311 3828 ιο
381 3768 480 3850 pingui
500 3787 581 3827 caseo
600 3779 628 3826 et
648 3765 731 3826 melle
751 3779 863 3828 onusta.

378 3859 529 3939 Suggestus
548 3859 579 3917 in
599 3858 692 3920 medio
712 3871 755 3918 est
774 3858 871 3920 oribus
891 3859 995 3921 circum
1014 3859 1161 3946 stipatus5
1217 3873 1222 3880 “

379 3961 465 4008 cantu
483 3960 577 4008 autem
598 3961 731 4010 resonant
750 3949 833 4010 aedes
856 3963 884 4009 et
898 3950 1021 4012 convivii
1040 3949 1155 4030 gaudie.

313 4053 315 4060 ⁴
380 4037 442 4099 lam
462 4040 585 4121 primun
603 4038 683 4101 decet
702 4040 806 4124 probes
825 4040 953 4102 hemines
974 4041 1067 4100 Deum
1086 4043 1219 4104 venerari
