2870 4824
265 343 315 386 stt

312 491 359 561 m
379 490 490 588 igitur
513 513 629 587 quum
650 489 712 562 tali
739 492 873 562 ratione
910 501 1028 564 vetera
1064 489 1180 560 omnia
1203 489 1329 563 mniu-

263 621 399 711 derint,
413 645 486 690 non
503 621 636 691 mirum
649 619 694 691 ah
708 618 962 692 eruditioribus
972 643 1098 692 eorum
1109 619 1327 710 testimonia,

263 753 330 823 nini
342 749 617 847 lompletiorum
629 751 838 822 auctoritate
850 751 1090 838 firmarentur,
1103 748 1200 820 haud
1207 748 1330 848 magni

262 885 440 955 aestimata
463 881 724 978 famulisque
745 894 863 953 tamen
883 879 990 979 plane
1012 879 1210 978 spernenda
1228 895 1326 954 mut.

261 1013 436 1113 Pleraque
461 1014 558 1087 enim
582 1011 711 1109 placita
733 1013 778 1085 ah
802 1014 844 1084 iis
865 1024 1135 1086 commemorata
1156 1037 1179 1084 e
1204 1011 1330 1084 melio-

260 1147 358 1219 ribus
384 1146 492 1220 ducta
517 1159 602 1220 sunt
625 1145 802 1236 fontibus,
826 1171 848 1217 e
871 1145 1004 1243 quihus
1026 1145 1065 1217 hi
1087 1157 1258 1242 tanquam
1279 1147 1328 1216 ri-

260 1275 336 1352 vuli
356 1277 400 1349 ad
419 1289 577 1374 tempora
595 1288 712 1348 namra
730 1286 939 1366 manarunt3
972 1275 1037 1372 qui
1056 1273 1224 1347 simultis
1241 1287 1329 1346 sunt

258 1405 418 1478 sordibus
444 1405 693 1495 contaminati,
715 1403 822 1501 plura
846 1415 967 1476 tamen
989 1406 1028 1475 in
1053 1405 1095 1476 iis
1117 1405 1241 1476 insunt
1264 1428 1326 1478 re·

259 1535 398 1607 tustatis
420 1536 573 1633 vestigia,
591 1559 683 1632 quae
700 1533 729 1604 si
743 1531 948 1632 diligentius
960 1544 1149 1624 eruantur,
1167 1557 1239 1604 non
1258 1531 1326 1604 du-

258 1666 361 1740 hium
383 1679 435 1738 est
452 1667 543 1766 quin
560 1665 605 1738 ad
625 1663 873 1739 illustrandam
893 1675 1049 1742 veterem
1068 1663 1325 1763 philosophiam

256 1793 457 1893 plurimum
477 1793 671 1868 conferant.

305 2008 358 2080 Aa
385 2008 499 2081 multa
524 2009 671 2105 quidem
695 2009 825 2078 horum
847 2004 1083 2099 jamdudum
1104 2001 1199 2075 docti
1213 2003 1324 2074 homi·

254 2163 340 2230 ner,
364 2140 487 2236 quiin
510 2135 697 2209 literarum
720 2147 758 2206 et
781 2133 1021 2232 philosophiae
1041 2133 1221 2206 historiam
1237 2159 1325 2233 opo-

255 2295 331 2343 ram
353 2269 590 2366 studiumque
618 2265 884 2358 oontulerunt‚
915 2269 1049 2366 ingenii
1076 2269 1261 2368 sagacitate
1283 2283 1323 2344 et

252 2400 432 2473 doetrinae
458 2399 559 2495 oopia
587 2395 843 2492 declararunt3
871 2395 1006 2495 quibus
1036 2398 1161 2475 modiis
1177 2402 1217 2470 in
1247 2399 1322 2474 dies

251 2529 361 2626 magis
376 2529 557 2627 magisque
585 2527 698 2602 auotis
725 2539 761 2600 et
787 2525 972 2625 explicatis
986 2529 1061 2622 jam
1082 2529 1121 2602 id
1136 2533 1317 2604 mussanti

249 2637 398 2750 snmus,¹
435 2669 477 2730 ut
515 2655 631 2730 multo
667 2655 853 2730 clariorem
883 2669 921 2731 et
947 2655 1215 2756 locupletiorem
1251 2661 1317 2734 ha-

249 2789 397 2861 beamus
418 2788 545 2862 veteris
569 2786 808 2886 philosophiae
828 2787 1003 2860 notitiam.
1032 2789 1104 2862 Noc
1124 2815 1237 2887 pauca
1261 2804 1317 2864 ta-

248 2943 332 2990 men
360 2916 482 2990 reliota
510 2930 595 2990 sunt
627 2930 701 2994 tam
730 2920 769 2992 in
797 2919 944 3018 singulis
971 2917 1108 3018 placitis
1134 2945 1246 3018 quam
1275 2923 1315 2993 in

246 3047 412 3124 universa
440 3071 566 3120 eorum
589 3047 777 3141 doctrina,
801 3075 895 3148 quae
920 3050 1172 3124 aoouratiorem
1200 3047 1316 3146 expli-

246 3179 421 3252 cationem
444 3179 654 3253 desiderant.
679 3180 737 3253 Ad
766 3181 853 3254 haee
882 3179 1091 3268 illrutranda
1117 3181 1156 3251 in
1179 3184 1313 3278 praeci·

245 3311 328 3406 puis
350 3308 530 3383 doetrinae
545 3310 707 3384 subsidiis
726 3310 912 3410 ponendae
932 3321 1020 3383 sunt
1036 3311 1132 3408 ipsse
1151 3311 1313 3411 antiqui·-

243 3443 325 3512 tatis
340 3440 534 3542 reliquiae,
552 3444 627 3542 ipsa
640 3441 930 3542 philosophorum
944 3441 1040 3516 dicta
1055 3467 1148 3541 qnae
1163 3445 1311 3541 sparsim

242 3569 341 3668 apud
369 3572 553 3671 scriptores
576 3584 912 3646 oommemorantur.
943 3572 1018 3646 Etsi
1047 3597 1120 3645 non
1151 3574 1310 3669 integros

241 3699 389 3798 quidem
407 3715 600 3800 supersunt
616 3702 763 3777 illorum
775 3703 1050 3801 disputationes,
1073 3701 1135 3776 sed
1149 3725 1222 3772 non
1240 3703 1309 3774 nisi

240 3829 437 3927 fragmenta
463 3833 639 3929 quaedam
663 3835 765 3933 quasi
788 3829 933 3906 tabulae
957 3857 979 3905 e
1003 3831 1185 3905 communi
1212 3855 1307 3904 nau-

239 3958 350 4056 fragio
373 3957 535 4058 relictae,
548 3962 635 4036 haec
654 3975 773 4036 tamen
792 3973 877 4036 sunt
893 3961 1002 4059 ipsius
1021 3959 1204 4036 vetustatis
1222 3985 1304 4032 mo-
