2924 4820
327 313 390 381 178
734 331 772 372 ne
794 329 985 372 xsrroruarrs

321 488 468 562 videtur
484 484 529 557 de
544 482 671 555 mundi
696 479 956 553 mutationibus
975 478 1081 553 fuisse
1104 483 1247 586 opinio,
1269 485 1385 557 eadem

323 593 399 668 aliis
424 604 589 668 veterum
616 587 839 686 physicorum
868 585 1014 683 probata
1041 588 1112 668 fuit
1142 617 1150 660 :
1180 591 1297 662 unum
1319 617 1385 664 me·

322 723 463 772 morem
486 697 684 792 Diogenem
707 691 996 790 Apolloniatem,
1019 719 1129 792 quem
1151 695 1199 768 sic
1220 699 1385 770 censuisse

322 805 551 904 SimpliciuS,
581 800 731 899 diligens
759 813 902 891 auctor,
924 813 1097 893 testatur,
1126 804 1190 876 etsi
1206 803 1382 902 plerique,

321 917 399 1015 pari
426 909 730 1008 interpretationis
767 934 908 1000 errore,
936 909 1022 983 huic
1058 936 1204 1010 quoque
1244 913 1384 986 mundos

321 1043 475 1094 numero
500 1016 657 1088 infinitos
682 1014 886 1086 attribuunt
915 1026 950 1085 ⁹⁰.

369 1123 512 1218 Quibus
536 1119 734 1192 rationibus
752 1119 994 1217 Xenophanes
1013 1121 1051 1192 in
1074 1120 1167 1194 hanc
1191 1123 1382 1219 opinionem

320 1235 366 1307 de
389 1241 506 1305 terrae
529 1230 712 1326 totiusque
731 1227 860 1300 mundi
880 1229 1121 1301 vicissitudine
1144 1229 1311 1303 inductus
1332 1235 1385 1320 sit,

321 1338 514 1437 diligenter
540 1333 724 1432 proditum
747 1345 799 1406 est
823 1333 868 1405 ab
886 1333 1062 1432 Origene,
1088 1335 1152 1432 qui
1177 1337 1223 1409 de
1249 1363 1290 1409 eo
1310 1337 1386 1409 haec

319 1453 496 1517 memorat
521 1451 545 1491 ⁹¹
580 1465 589 1511 :
623 1441 707 1510 beart
737 1437 819 1534 (τὴν
852 1440 939 1537 γῆν)
967 1446 1018 1511 ὑπὸ
1048 1453 1092 1510 τοῦ
1123 1449 1207 1538 ὑγροῦ
1246 1447 1384 1528 λύεσθαι,

321 1563 438 1649 φάσκων
462 1553 593 1625 τοιαύτας
619 1546 701 1638 ἔχειν
731 1547 910 1636 ἀποδείξεις,
934 1546 977 1617 ἔτι
1008 1553 1036 1617 ἐν
1064 1555 1140 1642 μέσῃ
1169 1551 1212 1644 γῇ
1234 1557 1283 1619 καὶ
1302 1551 1384 1647 ὄρεσιν

320 1665 494 1754 εὑρώκονται
525 1663 647 1746 κόγχαι·
681 1659 732 1722 καὶ
757 1659 787 1722 ἐν
817 1658 1009 1748 Συρακούσαις
1037 1656 1070 1724 οἳ
1099 1662 1128 1724 ἐν
1158 1675 1223 1734 ταῖς
1253 1661 1386 1748 λατομιᾶις

319 1902 442 1985 irripere
455 1947 463 1976 ,
478 1899 713 1980 &rependemus
727 1895 774 1959 Ν.
793 1897 849 1958 Sed
864 1899 932 1959 haee
950 1900 1033 1960 lectio
1054 1921 1153 1981 parum
1174 1901 1322 1982 probabilis
1341 1912 1383 1959 est.

319 1995 350 2055 si
375 1995 450 2054 enirn
473 1991 527 2050 boc
548 1989 642 2048 dicere
661 1987 795 2048 voluisset
824 1989 979 2068 Diogenes,
1001 1989 1155 2069 scripsisset
1180 2003 1256 2050 certe
1280 1994 1382 2067 κόσμοις

319 2083 442 2164 ἇπιίμυς
462 2079 510 2140 eal
536 2075 782 2158 deopassianus.
804 2077 887 2136 Nunc
909 2077 1044 2156 particula
1065 2075 1103 2137 dl
1127 2077 1234 2138 indicat
1253 2080 1383 2160 legendum

318 2191 378 2231 esse
402 2171 521 2248 xo'eprors
547 2164 693 2246 irripere,
713 2169 760 2227 er's
780 2166 1016 2248 ιήμλλᾶιτους
1045 2166 1091 2228 ds‘.
1118 2167 1181 2226 Huc
1202 2189 1306 2248 quoque
1326 2169 1383 2226 lacit

318 2261 503 2342 complurium
514 2257 596 2319 codd.
610 2257 708 2332 lectio,
724 2257 916 2316 exhibentium
931 2261 961 2319 ai
976 2261 1210 2340 asperrimos,
1224 2259 1296 2340 quod
1312 2260 1383 2316 ctiam

317 2355 348 2412 in
367 2351 499 2430 Diogenis
520 2347 699 2428 compilatore
722 2345 865 2426 Hesychio
886 2347 947 2407 Mil.
972 2369 1000 2430 p.
1024 2353 1059 2411 31
1083 2351 1291 2429 scriptumest.
1309 2347 1382 2406 Error

316 2439 398 2500 lacile
415 2439 482 2499 oriri
502 2436 595 2519 potuit
612 2455 627 2492 e
646 2434 826 2494 librariorum
843 2437 973 2512 inscitia,
991 2439 1038 2516 qui
1059 2451 1123 2497 ante
1138 2467 1157 2498 e
1174 2459 1278 2517 negans
1295 2455 1382 2513 negan-

314 2543 371 2590 tem
393 2529 556 2610 particulam
576 2527 644 2598 aie,
665 2537 696 2583 ut
717 2545 969 2605 supervacaneam,
988 2528 1139 2587 tollendam
1157 2529 1320 2609 putaverint.
1335 2525 1380 2582 llu-

314 2617 436 2700 jusmodi
455 2635 564 2676 errores
583 2613 691 2694 saepius
709 2627 880 2688 occurrunt,
899 2615 991 2676 veluti
1005 2622 1035 2676 in
1055 2617 1221 2678 Parmenide
1236 2637 1275 2678 rs.
1292 2613 1327 2694 76
1339 2631 1381 2693 pro

314 2705 382 2768 0le
400 2705 537 2786 drar'prrrr
553 2705 601 2764 alii
612 2703 659 2764 nai
671 2699 830 2784 e'dtnr'prror
841 2749 849 2778 ‚
861 2704 909 2764 alii
923 2705 1043 2786 denique
1058 2705 1195 2788 deciperis
1214 2706 1376 2785 scripserunt·

313 2795 513 2858 Difficultatem
532 2795 604 2853 hanc
624 2791 697 2854 vidit
714 2793 772 2874 jam
791 2793 910 2854 Braudis
930 2817 956 2876 p.
973 2795 1028 2872 50,
1045 2799 1093 2876 qui
1110 2797 1257 2878 legendum
1277 2791 1378 2871 conjecit

316 2883 581 2966 rlaaepaaaae'zsaos,
602 2880 698 2941 eadem
719 2885 879 2953 sententia,
904 2905 985 2962 quam
1010 2889 1070 2967 ipse
1091 2889 1233 2967 proposui.
1257 2881 1377 2959 vulgatae

312 2981 406 3037 tamen
422 2976 549 3035 lectionis
568 2973 735 3034 sententiam
756 2971 907 3032 defendere
926 2973 1034 3034 studuit
1055 2977 1158 3035 Consin
1177 2998 1206 3056 p.
1230 2971 1268 3051 48
1290 2995 1296 3028 :
1318 2967 1391 3038 aba,

313 3093 329 3125 a
354 3067 436 3128 chose
448 3065 602 3146 s'explique
618 3081 717 3122 encore
730 3064 941 3122 naturellement
955 3076 983 3122 et
998 3085 1062 3124 sans
1074 3087 1166 3125 aucun
1184 3065 1374 3141 changement:

313 3183 328 3216 rr
352 3158 377 3216 si
393 3156 448 3216 l'on
464 3153 568 3214 entend
582 3173 633 3233 par
643 3153 760 3228 κόσμους
778 3151 903 3234 ἀπείρους
914 3152 960 3214 arel
972 3155 1205 3235 icaepassae'mos
1216 3157 1225 3230 l
1236 3153 1373 3229 Diogenes,

312 3272 328 3304 r·
352 3242 589 3328 ἐπιμλλᾶκτους
602 3239 660 3320 di)
676 3241 702 3300 la
718 3243 807 3323 partie
827 3244 977 3303 inlerieure
993 3243 1029 3303 de
1044 3243 1070 3304 la
1080 3255 1154 3304 terre
1174 3246 1259 3324 quise
1274 3233 1372 3298 dtroute

312 3363 327 3396 >r
352 3359 387 3397 en
402 3339 511 3417 regions
521 3335 632 3394 inlinies
643 3341 673 3392 et
686 3333 849 3394 immobiles.
862 3357 876 3389 a
891 3337 937 3395 At
945 3336 1068 3394 mundos
1078 3336 1276 3394 subterraneos
1285 3341 1372 3400 eosque

309 3431 440 3508 infinitos
460 3449 495 3486 an
517 3447 574 3486 non
595 3421 680 3484 modo
701 3423 909 3506 Xenophanes,
932 3423 982 3484 sed
1004 3424 1074 3486 ullus
1097 3437 1223 3488 veterum
1245 3418 1372 3499 cogitare-

310 3520 369 3590 rit,
387 3518 566 3580 vehementer
585 3515 697 3574 dubito.

350 3635 414 3719 (90)
430 3634 539 3694 hitter.
561 3629 663 3691 Gescb.
681 3627 709 3689 d.
729 3629 794 3689 Jon.
816 3629 917 3689 Philos.
939 3651 968 3710 p.
990 3629 1041 3692 65.

253 3825 255 3832 ‚
348 3761 413 3840 (91)
434 3757 549 3835 Origen.
570 3752 675 3812 Philus.
694 3751 712 3810 l.
736 3751 756 3811 l.
777 3751 865 3828 ι’φιῖηε
879 3753 1001 3812 correxit
1022 3752 1185 3815 Gronovius
1203 3771 1253 3834 pro
1266 3744 1371 3822 ederas·

309 3846 419 3925 Μελίτῃ
438 3845 537 3927 scripsi
556 3864 607 3925 pro
628 3839 747 3916 Μιλῖτῃ.
767 3844 823 3904 Pro
846 3840 1030 3910 tersitem
1051 3842 1116 3903 libri
1137 3839 1260 3904 nonnulli
1281 3827 1371 3896 tarai-

309 3940 399 4004 θησαν
425 3937 468 3996 rel
493 3935 694 4001 ἐπιλάθηται.
725 3930 781 3991 Sed
805 3931 917 3992 ducitur
944 3953 961 3991 a
985 3929 1088 4001 τηλία.
1114 3933 1253 3992 Postrema
1276 3921 1369 3985 verba.

308 4036 386 4087 τοῦτο
406 4021 535 4097 'river-drus
559 4023 769 4100 μιταβᾶλλιιι,
793 4023 905 4082 turbata
924 4035 1006 4096 sunl,
1030 4022 1128 4083 melius
1146 4023 1218 4082 foret
1240 4011 1301 4077 olen
1315 4023 1370 4068 nrt·
