<?xml version="1.0" encoding="UTF-8"?>
<!DOCTYPE html PUBLIC "-//W3C//DTD XHTML 1.0 Transitional//EN"
    "http://www.w3.org/TR/xhtml1/DTD/xhtml1-transitional.dtd">
<html xmlns="http://www.w3.org/1999/xhtml" xml:lang="en" lang="en">
 <head>
  <title>
</title>
<meta http-equiv="Content-Type" content="text/html;charset=utf-8" />
  <meta name='ocr-system' content='tesseract 3.04.00' />
  <meta name='ocr-capabilities' content='ocr_page ocr_carea ocr_par ocr_line ocrx_word'/>
</head>
<body>
  <div class='ocr_page' id='page_1' title='image "./philosophorumgr01xenogoog_0043.png"; bbox 0 0 2870 4824; ppageno 0'>
   <div class='ocr_carea' id='block_1_1' title="bbox 445 335 1142 399">
    <p class='ocr_par' dir='ltr' id='par_1_1' title="bbox 445 335 1142 399">
     <span class='ocr_line' id='line_1_1' title="bbox 445 335 1142 399; baseline 0.004 -3"><span class='ocrx_word' id='word_1_1' title='bbox 445 355 519 397; x_wconf 81' lang='lat' dir='ltr'><strong>vira</strong></span> <span class='ocrx_word' id='word_1_2' title='bbox 543 353 581 396; x_wconf 79' lang='lat' dir='ltr'><strong>rr</strong></span> <span class='ocrx_word' id='word_1_3' title='bbox 604 355 726 397; x_wconf 75' lang='lat' dir='ltr'><strong>srunrn.</strong></span> <span class='ocrx_word' id='word_1_4' title='bbox 1120 335 1142 399; x_wconf 91' lang='lat'><strong>7</strong></span> 
     </span>
    </p>
   </div>
   <div class='ocr_carea' id='block_1_2' title="bbox 31 502 1138 1673">
    <p class='ocr_par' dir='ltr' id='par_1_2' title="bbox 31 502 1138 1673">
     <span class='ocr_line' id='line_1_2' title="bbox 95 502 1138 598; baseline -0.003 -20"><span class='ocrx_word' id='word_1_5' title='bbox 95 503 292 598; x_wconf 86' lang='lat' dir='ltr'><strong>litari.de</strong></span> <span class='ocrx_word' id='word_1_6' title='bbox 319 503 474 578; x_wconf 79' lang='lat' dir='ltr'><strong>autem?</strong></span> <span class='ocrx_word' id='word_1_7' title='bbox 503 505 532 577; x_wconf 82' lang='lat' dir='ltr'><strong>si</strong></span> <span class='ocrx_word' id='word_1_8' title='bbox 560 506 776 580; x_wconf 79' lang='lat' dir='ltr'><strong>recentiores</strong></span> <span class='ocrx_word' id='word_1_9' title='bbox 799 503 867 577; x_wconf 91' lang='lat' dir='ltr'><strong>hoc</strong></span> <span class='ocrx_word' id='word_1_10' title='bbox 890 529 1011 577; x_wconf 91' lang='lat' dir='ltr'><strong>errore</strong></span> <span class='ocrx_word' id='word_1_11' title='bbox 1036 502 1138 576; x_wconf 87' lang='lat' dir='ltr'><strong>falsos</strong></span> 
     </span>
     <span class='ocr_line' id='line_1_3' title="bbox 94 595 1135 704; baseline -0.005 -17"><span class='ocrx_word' id='word_1_12' title='bbox 94 613 220 687; x_wconf 82' lang='lat' dir='ltr'><strong>ridemus</strong></span> <span class='ocrx_word' id='word_1_13' title='bbox 226 664 240 698; x_wconf 91' lang='lat'><em>‚</em></span> <span class='ocrx_word' id='word_1_14' title='bbox 253 636 377 684; x_wconf 90' lang='lat' dir='ltr'><strong>nonne</strong></span> <span class='ocrx_word' id='word_1_15' title='bbox 390 611 486 684; x_wconf 91' lang='lat' dir='ltr'><strong>idem</strong></span> <span class='ocrx_word' id='word_1_16' title='bbox 499 611 682 686; x_wconf 84' lang='lat' dir='ltr'><strong>veteribus</strong></span> <span class='ocrx_word' id='word_1_17' title='bbox 694 595 859 684; x_wconf 82' lang='lat' dir='ltr'><strong>accidisse</strong></span> <span class='ocrx_word' id='word_1_18' title='bbox 875 609 1047 684; x_wconf 84' lang='lat' dir='ltr'>credibile</span> <span class='ocrx_word' id='word_1_19' title='bbox 1062 623 1135 704; x_wconf 89' lang='lat' dir='ltr'><strong>est,</strong></span> 
     </span>
     <span class='ocr_line' id='line_1_4' title="bbox 91 717 1134 793; baseline 0 -1"><span class='ocrx_word' id='word_1_20' title='bbox 91 732 120 792; x_wconf 90' lang='grc' dir='ltr'><strong>ιι</strong></span> <span class='ocrx_word' id='word_1_21' title='bbox 140 717 221 791; x_wconf 84' lang='lat' dir='ltr'><strong>bella</strong></span> <span class='ocrx_word' id='word_1_22' title='bbox 247 745 266 790; x_wconf 87' lang='lat' dir='ltr'><strong>a</strong></span> <span class='ocrx_word' id='word_1_23' title='bbox 293 719 403 791; x_wconf 84' lang='lat' dir='ltr'><strong>Dario</strong></span> <span class='ocrx_word' id='word_1_24' title='bbox 430 732 467 792; x_wconf 88' lang='lat' dir='ltr'><strong>et</strong></span> <span class='ocrx_word' id='word_1_25' title='bbox 494 719 612 792; x_wconf 83' lang='lat' dir='ltr'><strong>Xerxe</strong></span> <span class='ocrx_word' id='word_1_26' title='bbox 634 718 807 793; x_wconf 86' lang='lat' dir='ltr'><strong>Graeciae</strong></span> <span class='ocrx_word' id='word_1_27' title='bbox 832 717 932 791; x_wconf 89' lang='lat' dir='ltr'><strong>illata</strong></span> <span class='ocrx_word' id='word_1_28' title='bbox 958 745 1045 792; x_wconf 90' lang='lat' dir='ltr'><strong>cum</strong></span> <span class='ocrx_word' id='word_1_29' title='bbox 1074 745 1134 792; x_wconf 90' lang='lat' dir='ltr'><strong>su-</strong></span> 
     </span>
     <span class='ocr_line' id='line_1_5' title="bbox 90 823 1134 927; baseline 0.001 -32"><span class='ocrx_word' id='word_1_30' title='bbox 90 828 195 922; x_wconf 80' lang='lat' dir='ltr'>periore</span> <span class='ocrx_word' id='word_1_31' title='bbox 213 823 330 916; x_wconf 91' lang='lat' dir='ltr'><strong>bello,</strong></span> <span class='ocrx_word' id='word_1_32' title='bbox 356 851 430 924; x_wconf 92' lang='lat' dir='ltr'><strong>quo</strong></span> <span class='ocrx_word' id='word_1_33' title='bbox 453 825 571 927; x_wconf 82' lang='lat' dir='ltr'><strong>Cyrus</strong></span> <span class='ocrx_word' id='word_1_34' title='bbox 590 828 728 902; x_wconf 88' lang='lat' dir='ltr'><strong>Ionicas</strong></span> <span class='ocrx_word' id='word_1_35' title='bbox 753 827 916 902; x_wconf 88' lang='lat' dir='ltr'><strong>civitates</strong></span> <span class='ocrx_word' id='word_1_36' title='bbox 941 827 1134 924; x_wconf 81' lang='lat' dir='ltr'><strong>oppressit,</strong></span> 
     </span>
     <span class='ocr_line' id='line_1_6' title="bbox 88 929 1136 1034; baseline 0 -30"><span class='ocrx_word' id='word_1_37' title='bbox 88 929 309 1004; x_wconf 75' lang='lat' dir='ltr'><strong>confuderint?</strong></span> <span class='ocrx_word' id='word_1_38' title='bbox 349 932 434 1006; x_wconf 92' lang='lat' dir='ltr'><strong>inde</strong></span> <span class='ocrx_word' id='word_1_39' title='bbox 462 945 584 1004; x_wconf 87' lang='lat' dir='ltr'><strong>natam</strong></span> <span class='ocrx_word' id='word_1_40' title='bbox 609 959 684 1008; x_wconf 89' lang='lat' dir='ltr'><strong>esse</strong></span> <span class='ocrx_word' id='word_1_41' title='bbox 719 933 953 1034; x_wconf 88' lang='lat' dir='ltr'><strong>quorundam</strong></span> <span class='ocrx_word' id='word_1_42' title='bbox 991 933 1136 1030; x_wconf 90' lang='lat' dir='ltr'><strong>opinio-</strong></span> 
     </span>
     <span class='ocr_line' id='line_1_7' title="bbox 34 1036 1138 1154; baseline 0 -44"><span class='ocrx_word' id='word_1_43' title='bbox 34 1067 37 1154; x_wconf 69' lang='lat' dir='ltr'><strong>p</strong></span> <span class='ocrx_word' id='word_1_44' title='bbox 88 1063 162 1130; x_wconf 88' lang='lat' dir='ltr'><strong>neu,</strong></span> <span class='ocrx_word' id='word_1_45' title='bbox 175 1036 430 1134; x_wconf 80' lang='lat' dir='ltr'><strong>Xenophanem</strong></span> <span class='ocrx_word' id='word_1_46' title='bbox 454 1039 626 1132; x_wconf 91' lang='lat' dir='ltr'><strong>Hieroni,</strong></span> <span class='ocrx_word' id='word_1_47' title='bbox 645 1043 712 1139; x_wconf 91' lang='lat' dir='ltr'><strong>qui</strong></span> <span class='ocrx_word' id='word_1_48' title='bbox 738 1041 856 1114; x_wconf 83' lang='lat' dir='ltr'><strong>Xerxe</strong></span> <span class='ocrx_word' id='word_1_49' title='bbox 878 1051 1051 1138; x_wconf 83' lang='lat' dir='ltr'><strong>regnante</strong></span> <span class='ocrx_word' id='word_1_50' title='bbox 1072 1037 1138 1111; x_wconf 91' lang='lat' dir='ltr'><strong>flo-</strong></span> 
     </span>
     <span class='ocr_line' id='line_1_8' title="bbox 34 1145 1137 1247; baseline 0 -30"><span class='ocrx_word' id='word_1_51' title='bbox 34 1155 35 1176; x_wconf 67' lang='lat'>¹</span> <span class='ocrx_word' id='word_1_52' title='bbox 64 1147 157 1236; x_wconf 79' lang='grc' dir='ltr'>ἰιιιι,</span> <span class='ocrx_word' id='word_1_53' title='bbox 179 1145 283 1218; x_wconf 86' lang='lat' dir='ltr'><strong>luisse</strong></span> <span class='ocrx_word' id='word_1_54' title='bbox 308 1145 527 1245; x_wconf 86' lang='lat' dir='ltr'><strong>aequalem&#39;l</strong></span> <span class='ocrx_word' id='word_1_55' title='bbox 546 1147 662 1220; x_wconf 89' lang='lat' dir='ltr'>Simili</span> <span class='ocrx_word' id='word_1_56' title='bbox 684 1173 834 1247; x_wconf 91' lang='lat' dir='ltr'><strong>quoque</strong></span> <span class='ocrx_word' id='word_1_57' title='bbox 856 1171 977 1220; x_wconf 91' lang='lat' dir='ltr'><strong>errore</strong></span> <span class='ocrx_word' id='word_1_58' title='bbox 998 1146 1137 1218; x_wconf 88' lang='lat' dir='ltr'><strong>factum</strong></span> 
     </span>
     <span class='ocr_line' id='line_1_9' title="bbox 32 1252 1137 1366; baseline 0.002 -42"><span class='ocrx_word' id='word_1_59' title='bbox 32 1279 34 1366; x_wconf 70' lang='lat' dir='ltr'><strong>p</strong></span> <span class='ocrx_word' id='word_1_60' title='bbox 87 1264 138 1342; x_wconf 81' lang='lat' dir='ltr'><strong>et,</strong></span> <span class='ocrx_word' id='word_1_61' title='bbox 152 1265 188 1325; x_wconf 94' lang='grc' dir='ltr'><strong>ιιι</strong></span> <span class='ocrx_word' id='word_1_62' title='bbox 202 1252 412 1346; x_wconf 77' lang='lat' dir='ltr'><strong>Massiliam,</strong></span> <span class='ocrx_word' id='word_1_63' title='bbox 436 1281 549 1354; x_wconf 90' lang='lat' dir='ltr'><strong>quam</strong></span> <span class='ocrx_word' id='word_1_64' title='bbox 565 1256 648 1355; x_wconf 86' lang='lat' dir='ltr'><strong>Cyri</strong></span> <span class='ocrx_word' id='word_1_65' title='bbox 662 1255 886 1356; x_wconf 84' lang='lat' dir='ltr'><strong>temporibus</strong></span> <span class='ocrx_word' id='word_1_66' title='bbox 901 1253 1137 1328; x_wconf 86' lang='lat' dir='ltr'><strong>incoluerunt</strong></span> 
     </span>
     <span class='ocr_line' id='line_1_10' title="bbox 31 1357 1137 1462; baseline 0.004 -34"><span class='ocrx_word' id='word_1_67' title='bbox 31 1369 33 1456; x_wconf 68' lang='grc' dir='ltr'><em>ξ</em></span> <span class='ocrx_word' id='word_1_68' title='bbox 86 1357 310 1453; x_wconf 78' lang='lat' dir='ltr'><strong>Phocaeenses,</strong></span> <span class='ocrx_word' id='word_1_69' title='bbox 349 1361 499 1459; x_wconf 87' lang='lat' dir='ltr'><strong>quidam</strong></span> <span class='ocrx_word' id='word_1_70' title='bbox 530 1375 704 1462; x_wconf 84' lang='lat' dir='ltr'><strong>regnante</strong></span> <span class='ocrx_word' id='word_1_71' title='bbox 725 1363 834 1435; x_wconf 88' lang='lat' dir='ltr'><strong>Dario</strong></span> <span class='ocrx_word' id='word_1_72' title='bbox 860 1361 1041 1462; x_wconf 81' lang='lat' dir='ltr'><strong>Hystaspis</strong></span> <span class='ocrx_word' id='word_1_73' title='bbox 1055 1385 1137 1433; x_wconf 93' lang='lat' dir='ltr'><strong>con·</strong></span> 
     </span>
     <span class='ocr_line' id='line_1_11' title="bbox 31 1464 1133 1569; baseline 0.003 -33"><span class='ocrx_word' id='word_1_74' title='bbox 31 1483 32 1516; x_wconf 71' lang='lat'>³</span> <span class='ocrx_word' id='word_1_75' title='bbox 85 1464 164 1536; x_wconf 84' lang='lat' dir='ltr'><strong>litam</strong></span> <span class='ocrx_word' id='word_1_76' title='bbox 186 1464 407 1560; x_wconf 81' lang='lat' dir='ltr'><strong>retulerint3</strong></span> <span class='ocrx_word' id='word_1_77' title='bbox 451 1469 589 1568; x_wconf 91' lang='lat' dir='ltr'><strong>inquo</strong></span> <span class='ocrx_word' id='word_1_78' title='bbox 614 1469 779 1545; x_wconf 88' lang='lat' dir='ltr'><strong>similiter</strong></span> <span class='ocrx_word' id='word_1_79' title='bbox 807 1493 952 1569; x_wconf 89' lang='lat' dir='ltr'><strong>prorsus</strong></span> <span class='ocrx_word' id='word_1_80' title='bbox 985 1467 1133 1542; x_wconf 86' lang='lat' dir='ltr'><strong>confusa</strong></span> 
     </span>
     <span class='ocr_line' id='line_1_12' title="bbox 85 1585 927 1673; baseline 0.002 -29"><span class='ocrx_word' id='word_1_81' title='bbox 85 1585 142 1644; x_wconf 86' lang='lat' dir='ltr'><strong>sunt</strong></span> <span class='ocrx_word' id='word_1_82' title='bbox 163 1585 322 1673; x_wconf 90' lang='lat' dir='ltr'><strong>tempora</strong></span> <span class='ocrx_word' id='word_1_83' title='bbox 349 1585 383 1645; x_wconf 90' lang='lat'><strong>¹¹.</strong></span> <span class='ocrx_word' id='word_1_84' title='bbox 924 1607 927 1616; x_wconf 90' lang='lat'><em>.</em></span> 
     </span>
    </p>
   </div>
   <div class='ocr_carea' id='block_1_3' title="bbox 551 1825 626 1910">
    <p class='ocr_par' dir='ltr' id='par_1_3' title="bbox 551 1825 626 1910">
     <span class='ocr_line' id='line_1_13' title="bbox 551 1825 626 1910; baseline 0.027 -22"><span class='ocrx_word' id='word_1_85' title='bbox 551 1825 626 1910; x_wconf 74' lang='lat' dir='ltr'><strong>§a</strong></span> 
     </span>
    </p>
   </div>
   <div class='ocr_carea' id='block_1_4' title="bbox 21 2019 1133 2472">
    <p class='ocr_par' dir='ltr' id='par_1_4' title="bbox 77 2019 1133 2337">
     <span class='ocr_line' id='line_1_14' title="bbox 111 2019 1133 2120; baseline 0.001 -29"><span class='ocrx_word' id='word_1_86' title='bbox 111 2020 190 2096; x_wconf 87' lang='lat' dir='ltr'><strong>llaec</strong></span> <span class='ocrx_word' id='word_1_87' title='bbox 203 2023 287 2096; x_wconf 88' lang='lat' dir='ltr'><strong>satis</strong></span> <span class='ocrx_word' id='word_1_88' title='bbox 302 2021 425 2098; x_wconf 88' lang='lat' dir='ltr'><strong>valent</strong></span> <span class='ocrx_word' id='word_1_89' title='bbox 454 2037 498 2097; x_wconf 92' lang='lat' dir='ltr'><strong>ut</strong></span> <span class='ocrx_word' id='word_1_90' title='bbox 520 2025 655 2098; x_wconf 86' lang='lat' dir='ltr'><strong>Timaei</strong></span> <span class='ocrx_word' id='word_1_91' title='bbox 673 2023 926 2097; x_wconf 89' lang='lat' dir='ltr'><strong>auctoritatem</strong></span> <span class='ocrx_word' id='word_1_92' title='bbox 944 2019 1133 2120; x_wconf 90' lang='lat' dir='ltr'><strong>relinqua-</strong></span> 
     </span>
     <span class='ocr_line' id='line_1_15' title="bbox 79 2125 1132 2232; baseline -0.001 -33"><span class='ocrx_word' id='word_1_93' title='bbox 79 2151 153 2220; x_wconf 83' lang='lat' dir='ltr'><strong>nos,</strong></span> <span class='ocrx_word' id='word_1_94' title='bbox 174 2129 371 2228; x_wconf 87' lang='lat' dir='ltr'><strong>probemus</strong></span> <span class='ocrx_word' id='word_1_95' title='bbox 398 2143 522 2203; x_wconf 90' lang='lat' dir='ltr'><strong>autem</strong></span> <span class='ocrx_word' id='word_1_96' title='bbox 549 2155 630 2223; x_wconf 91' lang='lat' dir='ltr'><strong>eos,</strong></span> <span class='ocrx_word' id='word_1_97' title='bbox 657 2133 723 2232; x_wconf 91' lang='lat' dir='ltr'><strong>qui</strong></span> <span class='ocrx_word' id='word_1_98' title='bbox 750 2127 982 2228; x_wconf 86' lang='lat' dir='ltr'><strong>Xenophanis</strong></span> <span class='ocrx_word' id='word_1_99' title='bbox 1006 2125 1132 2200; x_wconf 87' lang='lat' dir='ltr'><strong>liorem</strong></span> 
     </span>
     <span class='ocr_line' id='line_1_16' title="bbox 77 2231 1130 2337; baseline 0 -35"><span class='ocrx_word' id='word_1_100' title='bbox 77 2232 363 2336; x_wconf 81' lang='lat' dir='ltr'><strong>insesagesimam</strong></span> <span class='ocrx_word' id='word_1_101' title='bbox 393 2237 469 2310; x_wconf 81' lang='lat' dir='ltr'><strong>fere</strong></span> <span class='ocrx_word' id='word_1_102' title='bbox 497 2235 750 2337; x_wconf 85' lang='lat' dir='ltr'><strong>Olympiadem</strong></span> <span class='ocrx_word' id='word_1_103' title='bbox 777 2235 941 2309; x_wconf 87' lang='lat' dir='ltr'><strong>incidisse</strong></span> <span class='ocrx_word' id='word_1_104' title='bbox 969 2231 1130 2306; x_wconf 88' lang='lat' dir='ltr'><strong>tradunt.</strong></span> 
     </span>
    </p>

    <p class='ocr_par' dir='ltr' id='par_1_5' title="bbox 21 2339 1132 2472">
     <span class='ocr_line' id='line_1_17' title="bbox 21 2339 1132 2472; baseline -0.005 -54"><span class='ocrx_word' id='word_1_105' title='bbox 21 2374 23 2472; x_wconf 67' lang='lat' dir='ltr'><strong>p</strong></span> <span class='ocrx_word' id='word_1_106' title='bbox 77 2339 153 2434; x_wconf 78' lang='lat' dir='ltr'><strong>Quod</strong></span> <span class='ocrx_word' id='word_1_107' title='bbox 176 2346 327 2445; x_wconf 88' lang='lat' dir='ltr'><strong>quidem</strong></span> <span class='ocrx_word' id='word_1_108' title='bbox 350 2347 594 2419; x_wconf 87' lang='lat' dir='ltr'><strong>testimonium</strong></span> <span class='ocrx_word' id='word_1_109' title='bbox 616 2373 700 2420; x_wconf 93' lang='lat' dir='ltr'><strong>cum</strong></span> <span class='ocrx_word' id='word_1_110' title='bbox 719 2345 929 2444; x_wconf 85' lang='lat' dir='ltr'><strong>Apollodori</strong></span> <span class='ocrx_word' id='word_1_111' title='bbox 953 2343 1132 2417; x_wconf 91' lang='lat' dir='ltr'><strong>sententia</strong></span> 
     </span>
    </p>
   </div>
   <div class='ocr_carea' id='block_1_5' title="bbox 21 2448 1172 3517">
    <p class='ocr_par' dir='ltr' id='par_1_6' title="bbox 21 2448 1171 3088">
     <span class='ocr_line' id='line_1_18' title="bbox 21 2448 1132 2562; baseline 0.001 -45"><span class='ocrx_word' id='word_1_112' title='bbox 21 2481 23 2562; x_wconf 67' lang='lat' dir='ltr'><strong>p</strong></span> <span class='ocrx_word' id='word_1_113' title='bbox 75 2448 209 2526; x_wconf 84' lang='lat' dir='ltr'><strong>facillime</strong></span> <span class='ocrx_word' id='word_1_114' title='bbox 238 2451 424 2526; x_wconf 89' lang='lat' dir='ltr'><strong>conciliari</strong></span> <span class='ocrx_word' id='word_1_115' title='bbox 444 2465 550 2550; x_wconf 89' lang='lat' dir='ltr'><strong>putat</strong></span> <span class='ocrx_word' id='word_1_116' title='bbox 574 2452 667 2524; x_wconf 87' lang='lat' dir='ltr'><strong>Clar.</strong></span> <span class='ocrx_word' id='word_1_117' title='bbox 698 2452 892 2544; x_wconf 85' lang='lat' dir='ltr'><strong>Gousin¹’,</strong></span> <span class='ocrx_word' id='word_1_118' title='bbox 919 2461 1029 2548; x_wconf 89' lang='lat' dir='ltr'><strong>atque</strong></span> <span class='ocrx_word' id='word_1_119' title='bbox 1059 2459 1132 2520; x_wconf 90' lang='lat' dir='ltr'><strong>sta-</strong></span> 
     </span>
     <span class='ocr_line' id='line_1_19' title="bbox 74 2557 1132 2660; baseline 0.001 -34"><span class='ocrx_word' id='word_1_120' title='bbox 74 2559 133 2648; x_wconf 84' lang='lat' dir='ltr'><strong>tuit,</strong></span> <span class='ocrx_word' id='word_1_121' title='bbox 148 2558 407 2658; x_wconf 82' lang='lat' dir='ltr'><strong>Xenophanem</strong></span> <span class='ocrx_word' id='word_1_122' title='bbox 422 2559 471 2650; x_wconf 87' lang='grc' dir='ltr'><strong>4ο</strong></span> <span class='ocrx_word' id='word_1_123' title='bbox 490 2558 703 2660; x_wconf 86' lang='lat' dir='ltr'><strong>Olympiade</strong></span> <span class='ocrx_word' id='word_1_124' title='bbox 718 2573 859 2652; x_wconf 88' lang='lat' dir='ltr'><strong>natum,</strong></span> <span class='ocrx_word' id='word_1_125' title='bbox 880 2583 998 2658; x_wconf 94' lang='lat' dir='ltr'><strong>quum</strong></span> <span class='ocrx_word' id='word_1_126' title='bbox 1015 2557 1132 2628; x_wconf 87' lang='lat' dir='ltr'><strong>maxi-</strong></span> 
     </span>
     <span class='ocr_line' id='line_1_20' title="bbox 73 2666 1132 2766; baseline -0.001 -32"><span class='ocrx_word' id='word_1_127' title='bbox 73 2686 142 2736; x_wconf 85' lang='lat' dir='ltr'><strong>mam</strong></span> <span class='ocrx_word' id='word_1_128' title='bbox 160 2667 286 2740; x_wconf 84' lang='lat' dir='ltr'><strong>aetatis</strong></span> <span class='ocrx_word' id='word_1_129' title='bbox 311 2678 452 2764; x_wconf 88' lang='lat' dir='ltr'><strong>partem</strong></span> <span class='ocrx_word' id='word_1_130' title='bbox 478 2666 740 2766; x_wconf 88' lang='lat' dir='ltr'><strong>peregrinando</strong></span> <span class='ocrx_word' id='word_1_131' title='bbox 768 2667 1018 2765; x_wconf 84' lang='lat' dir='ltr'><strong>transegisset,</strong></span> <span class='ocrx_word' id='word_1_132' title='bbox 1041 2688 1132 2762; x_wconf 91' lang='lat' dir='ltr'><strong>pro-</strong></span> 
     </span>
     <span class='ocr_line' id='line_1_21' title="bbox 72 2771 1133 2872; baseline 0.003 -33"><span class='ocrx_word' id='word_1_133' title='bbox 72 2781 146 2842; x_wconf 80' lang='lat' dir='ltr'><strong>secta</strong></span> <span class='ocrx_word' id='word_1_134' title='bbox 183 2777 261 2868; x_wconf 87' lang='lat' dir='ltr'><strong>jam</strong></span> <span class='ocrx_word' id='word_1_135' title='bbox 307 2785 493 2846; x_wconf 89' lang='lat' dir='ltr'><strong>senectute</strong></span> <span class='ocrx_word' id='word_1_136' title='bbox 530 2785 640 2872; x_wconf 91' lang='lat' dir='ltr'><strong>atque</strong></span> <span class='ocrx_word' id='word_1_137' title='bbox 681 2773 948 2871; x_wconf 89' lang='lat' dir='ltr'><strong>octogenarium</strong></span> <span class='ocrx_word' id='word_1_138' title='bbox 976 2771 1133 2842; x_wconf 81' lang='lat' dir='ltr'><strong>maxime</strong></span> 
     </span>
     <span class='ocr_line' id='line_1_22' title="bbox 71 2877 1132 2982; baseline 0.006 -36"><span class='ocrx_word' id='word_1_139' title='bbox 71 2877 265 2976; x_wconf 84' lang='lat' dir='ltr'><strong>inclaruisse,</strong></span> <span class='ocrx_word' id='word_1_140' title='bbox 286 2881 385 2954; x_wconf 87' lang='lat' dir='ltr'><strong>etad</strong></span> <span class='ocrx_word' id='word_1_141' title='bbox 404 2879 454 2974; x_wconf 91' lang='grc'><strong>64</strong></span> <span class='ocrx_word' id='word_1_142' title='bbox 466 2879 736 2982; x_wconf 88' lang='lat' dir='ltr'><strong>Olympiadem,</strong></span> <span class='ocrx_word' id='word_1_143' title='bbox 750 2907 823 2980; x_wconf 89' lang='lat' dir='ltr'><strong>qua</strong></span> <span class='ocrx_word' id='word_1_144' title='bbox 834 2881 964 2953; x_wconf 89' lang='lat' dir='ltr'><strong>Darius</strong></span> <span class='ocrx_word' id='word_1_145' title='bbox 976 2903 1132 2979; x_wconf 89' lang='lat' dir='ltr'><strong>reguum</strong></span> 
     </span>
     <span class='ocr_line' id='line_1_23' title="bbox 72 2989 1171 3088; baseline 0.002 -31"><span class='ocrx_word' id='word_1_146' title='bbox 72 2991 244 3087; x_wconf 82' lang='lat' dir='ltr'><strong>occupavit,</strong></span> <span class='ocrx_word' id='word_1_147' title='bbox 264 2989 374 3063; x_wconf 73' lang='lat' dir='ltr'><strong>fixisse</strong></span> <span class='ocrx_word' id='word_1_148' title='bbox 393 2991 634 3088; x_wconf 87' lang='lat' dir='ltr'><strong>superstitem.</strong></span> <span class='ocrx_word' id='word_1_149' title='bbox 1168 3011 1171 3018; x_wconf 78' lang='grc'><strong><em>’</em></strong></span> 
     </span>
    </p>

    <p class='ocr_par' dir='ltr' id='par_1_7' title="bbox 68 3095 1172 3517">
     <span class='ocr_line' id='line_1_24' title="bbox 102 3095 1131 3195; baseline -0.004 -26"><span class='ocrx_word' id='word_1_150' title='bbox 102 3095 186 3170; x_wconf 87' lang='lat' dir='ltr'><strong>Haec</strong></span> <span class='ocrx_word' id='word_1_151' title='bbox 210 3111 336 3171; x_wconf 86' lang='lat' dir='ltr'><strong>tamen</strong></span> <span class='ocrx_word' id='word_1_152' title='bbox 365 3099 487 3195; x_wconf 91' lang='lat' dir='ltr'><strong>opinio</strong></span> <span class='ocrx_word' id='word_1_153' title='bbox 516 3121 642 3172; x_wconf 89' lang='lat' dir='ltr'><strong>vereor</strong></span> <span class='ocrx_word' id='word_1_154' title='bbox 670 3107 715 3168; x_wconf 85' lang='lat' dir='ltr'><strong>ut</strong></span> <span class='ocrx_word' id='word_1_155' title='bbox 739 3095 848 3194; x_wconf 89' lang='lat' dir='ltr'><strong>possit</strong></span> <span class='ocrx_word' id='word_1_156' title='bbox 872 3095 1019 3168; x_wconf 90' lang='lat' dir='ltr'><strong>omnino</strong></span> <span class='ocrx_word' id='word_1_157' title='bbox 1044 3119 1131 3192; x_wconf 90' lang='lat' dir='ltr'><strong>pro-</strong></span> 
     </span>
     <span class='ocr_line' id='line_1_25' title="bbox 69 3195 1131 3304; baseline 0.002 -34"><span class='ocrx_word' id='word_1_158' title='bbox 69 3195 132 3272; x_wconf 83' lang='lat' dir='ltr'><strong>bari.</strong></span> <span class='ocrx_word' id='word_1_159' title='bbox 150 3205 240 3276; x_wconf 82' lang='lat' dir='ltr'><strong>Nam</strong></span> <span class='ocrx_word' id='word_1_160' title='bbox 256 3205 425 3303; x_wconf 84' lang='lat' dir='ltr'><strong>quamvis</strong></span> <span class='ocrx_word' id='word_1_161' title='bbox 438 3217 600 3304; x_wconf 90' lang='lat' dir='ltr'><strong>vegetam</strong></span> <span class='ocrx_word' id='word_1_162' title='bbox 617 3201 680 3276; x_wconf 91' lang='lat' dir='ltr'><strong>ille</strong></span> <span class='ocrx_word' id='word_1_163' title='bbox 703 3215 741 3275; x_wconf 90' lang='lat' dir='ltr'><strong>et</strong></span> <span class='ocrx_word' id='word_1_164' title='bbox 755 3201 942 3302; x_wconf 85' lang='lat' dir='ltr'><strong>gloriosam</strong></span> <span class='ocrx_word' id='word_1_165' title='bbox 961 3201 1131 3274; x_wconf 87' lang='lat' dir='ltr'><strong>habuerit</strong></span> 
     </span>
     <span class='ocr_line' id='line_1_26' title="bbox 69 3307 1133 3408; baseline 0.002 -31"><span class='ocrx_word' id='word_1_166' title='bbox 69 3323 293 3403; x_wconf 84' lang='lat' dir='ltr'><strong>senectutem,</strong></span> <span class='ocrx_word' id='word_1_167' title='bbox 320 3313 379 3388; x_wconf 81' lang='lat' dir='ltr'><strong>vix</strong></span> <span class='ocrx_word' id='word_1_168' title='bbox 397 3324 520 3385; x_wconf 88' lang='lat' dir='ltr'><strong>tamen</strong></span> <span class='ocrx_word' id='word_1_169' title='bbox 539 3323 594 3385; x_wconf 89' lang='lat' dir='ltr'><strong>est</strong></span> <span class='ocrx_word' id='word_1_170' title='bbox 606 3309 792 3408; x_wconf 83' lang='lat' dir='ltr'><strong>probabile</strong></span> <span class='ocrx_word' id='word_1_171' title='bbox 808 3335 896 3385; x_wconf 88' lang='lat' dir='ltr'><strong>eum</strong></span> <span class='ocrx_word' id='word_1_172' title='bbox 912 3323 985 3382; x_wconf 90' lang='lat' dir='ltr'><strong>tarn</strong></span> <span class='ocrx_word' id='word_1_173' title='bbox 1002 3307 1133 3408; x_wconf 89' lang='lat' dir='ltr'><strong>grandi</strong></span> 
     </span>
     <span class='ocr_line' id='line_1_27' title="bbox 68 3410 1172 3517; baseline -0.001 -30"><span class='ocrx_word' id='word_1_174' title='bbox 68 3410 189 3492; x_wconf 84' lang='lat' dir='ltr'><strong>demum</strong></span> <span class='ocrx_word' id='word_1_175' title='bbox 221 3431 316 3492; x_wconf 88' lang='lat' dir='ltr'><strong>natu</strong></span> <span class='ocrx_word' id='word_1_176' title='bbox 340 3415 577 3492; x_wconf 88' lang='lat' dir='ltr'><strong>inclaruisse:</strong></span> <span class='ocrx_word' id='word_1_177' title='bbox 597 3429 679 3490; x_wconf 87' lang='lat' dir='ltr'><strong>tum</strong></span> <span class='ocrx_word' id='word_1_178' title='bbox 707 3419 828 3517; x_wconf 92' lang='lat' dir='ltr'><strong>potius</strong></span> <span class='ocrx_word' id='word_1_179' title='bbox 850 3417 1017 3510; x_wconf 84' lang='lat' dir='ltr'><strong>videtur,</strong></span> <span class='ocrx_word' id='word_1_180' title='bbox 1044 3439 1131 3487; x_wconf 91' lang='lat' dir='ltr'><strong>cum</strong></span> <span class='ocrx_word' id='word_1_181' title='bbox 1170 3441 1172 3446; x_wconf 92' lang='lat'>·</span> 
     </span>
    </p>
   </div>
   <div class='ocr_carea' id='block_1_6' title="bbox 65 3668 1139 4120">
    <p class='ocr_par' dir='ltr' id='par_1_8' title="bbox 65 3668 1139 4120">
     <span class='ocr_line' id='line_1_28' title="bbox 92 3668 1134 3752; baseline -0.003 -22"><span class='ocrx_word' id='word_1_182' title='bbox 92 3671 147 3752; x_wconf 74' lang='lat' dir='ltr'><strong>(rr)</strong></span> <span class='ocrx_word' id='word_1_183' title='bbox 167 3671 235 3734; x_wconf 81' lang='lat' dir='ltr'><strong>vid.</strong></span> <span class='ocrx_word' id='word_1_184' title='bbox 245 3673 362 3735; x_wconf 82' lang='lat' dir='ltr'><strong>Vossius</strong></span> <span class='ocrx_word' id='word_1_185' title='bbox 373 3673 410 3736; x_wconf 85' lang='lat' dir='ltr'><strong>ad</strong></span> <span class='ocrx_word' id='word_1_186' title='bbox 423 3673 528 3736; x_wconf 77' lang='lat' dir='ltr'><strong>lustin.</strong></span> <span class='ocrx_word' id='word_1_187' title='bbox 545 3672 661 3747; x_wconf 82' lang='lat' dir='ltr'><strong>XLIII,</strong></span> <span class='ocrx_word' id='word_1_188' title='bbox 681 3673 716 3746; x_wconf 87' lang='lat'><strong>3,</strong></span> <span class='ocrx_word' id='word_1_189' title='bbox 736 3671 765 3750; x_wconf 91' lang='grc'><strong>4.</strong></span> <span class='ocrx_word' id='word_1_190' title='bbox 778 3673 841 3732; x_wconf 87' lang='lat' dir='ltr'><strong>Pari</strong></span> <span class='ocrx_word' id='word_1_191' title='bbox 861 3669 945 3730; x_wconf 88' lang='lat' dir='ltr'><strong>modo</strong></span> <span class='ocrx_word' id='word_1_192' title='bbox 955 3668 1091 3730; x_wconf 84' lang='lat' dir='ltr'><strong>Eusebius</strong></span> <span class='ocrx_word' id='word_1_193' title='bbox 1103 3669 1134 3728; x_wconf 90' lang='lat' dir='ltr'><strong>in</strong></span> 
     </span>
     <span class='ocr_line' id='line_1_29' title="bbox 65 3754 1136 3912; baseline -0.004 -89"><span class='ocrx_word' id='word_1_194' title='bbox 65 3754 253 3912; x_wconf 54' lang='lat' dir='ltr'><strong>gigapclamne</strong></span> <span class='ocrx_word' id='word_1_195' title='bbox 263 3765 471 3846; x_wconf 74' lang='lat' dir='ltr'><strong>Pythagoram</strong></span> <span class='ocrx_word' id='word_1_196' title='bbox 481 3763 562 3847; x_wconf 92' lang='lat' dir='ltr'><strong>ponit</strong></span> <span class='ocrx_word' id='word_1_197' title='bbox 572 3761 671 3822; x_wconf 83' lang='lat' dir='ltr'><strong>Dario</strong></span> <span class='ocrx_word' id='word_1_198' title='bbox 680 3763 845 3840; x_wconf 80' lang='lat' dir='ltr'><strong>Hystaspis</strong></span> <span class='ocrx_word' id='word_1_199' title='bbox 857 3757 1008 3838; x_wconf 84' lang='lat' dir='ltr'><strong>aequalem,</strong></span> <span class='ocrx_word' id='word_1_200' title='bbox 1019 3757 1136 3844; x_wconf 87' lang='lat' dir='ltr'><strong>Olymp.</strong></span> 
     </span>
     <span class='ocr_line' id='line_1_30' title="bbox 94 3893 1139 4028; baseline 0.006 -28"><span class='ocrx_word' id='word_1_201' title='bbox 94 3893 150 4022; x_wconf 72' lang='lat' dir='ltr'><strong>lia)</strong></span> <span class='ocrx_word' id='word_1_202' title='bbox 166 3897 262 4028; x_wconf 87' lang='lat' dir='ltr'><strong>Opere</strong></span> <span class='ocrx_word' id='word_1_203' title='bbox 287 3919 362 4005; x_wconf 78' lang='lat' dir='ltr'><strong>laud</strong></span> <span class='ocrx_word' id='word_1_204' title='bbox 383 3967 413 4028; x_wconf 88' lang='lat' dir='ltr'><strong>p.</strong></span> <span class='ocrx_word' id='word_1_205' title='bbox 436 3944 637 4008; x_wconf 69' lang='lat' dir='ltr'><strong>insimiliter</strong></span> <span class='ocrx_word' id='word_1_206' title='bbox 657 3943 810 4005; x_wconf 83' lang='lat' dir='ltr'><strong>arbitratur</strong></span> <span class='ocrx_word' id='word_1_207' title='bbox 828 3941 972 4005; x_wconf 87' lang='lat' dir='ltr'><strong>Fabricius</strong></span> <span class='ocrx_word' id='word_1_208' title='bbox 999 3941 1035 4004; x_wconf 87' lang='lat' dir='ltr'><strong>ad</strong></span> <span class='ocrx_word' id='word_1_209' title='bbox 1060 3943 1139 4006; x_wconf 83' lang='lat' dir='ltr'><strong>Sext.</strong></span> 
     </span>
     <span class='ocr_line' id='line_1_31' title="bbox 65 4025 631 4120; baseline 0 -24"><span class='ocrx_word' id='word_1_210' title='bbox 65 4025 150 4114; x_wconf 79' lang='lat' dir='ltr'><strong>antr.</strong></span> <span class='ocrx_word' id='word_1_211' title='bbox 170 4033 236 4098; x_wconf 80' lang='lat' dir='ltr'><strong>adr.</strong></span> <span class='ocrx_word' id='word_1_212' title='bbox 256 4033 390 4096; x_wconf 80' lang='lat' dir='ltr'><strong>Matbem</strong></span> <span class='ocrx_word' id='word_1_213' title='bbox 408 4037 440 4112; x_wconf 92' lang='lat'><strong>1,</strong></span> <span class='ocrx_word' id='word_1_214' title='bbox 462 4057 491 4120; x_wconf 90' lang='lat' dir='ltr'><strong>p.</strong></span> <span class='ocrx_word' id='word_1_215' title='bbox 511 4057 579 4120; x_wconf 77' lang='lat'><strong>²7⁰·</strong></span> <span class='ocrx_word' id='word_1_216' title='bbox 596 4037 631 4096; x_wconf 70' lang='lat' dir='ltr'><strong>A·</strong></span> 
     </span>
    </p>
   </div>
   <div class='ocr_carea' id='block_1_7' title="bbox 0 0 1440 4824">
    <p class='ocr_par' dir='ltr' id='par_1_9' title="bbox 0 0 1440 4824">
     <span class='ocr_line' id='line_1_32' title="bbox 0 0 1440 4824; baseline 0 3"><span class='ocrx_word' id='word_1_217' title='bbox 0 0 1440 4824; x_wconf 95' lang='lat' dir='ltr'><strong> </strong></span> 
     </span>
    </p>
   </div>
  </div>
 </body>
</html>
