2966 4824
866 289 873 364 t

550 394 790 502 runoscrma.
1145 441 1206 502 149

131 644 217 692 rum
240 615 488 716 complectitur
508 643 566 692 res
584 633 747 694 externas
764 633 800 693 et
819 617 951 714 fluxas,
974 620 1206 722 nationesque

130 763 225 838 quae
236 735 555 832 exhisducuntun
568 739 997 814 alterumresaeternaaet
1008 767 1028 814 a
1040 765 1206 841 conspee-

124 873 174 934 'tu
187 872 357 933 remotas:
379 859 531 932 alterum
543 859 724 953 sensibus,
740 859 894 935 alterum
912 875 1033 935 mente
1052 889 1207 964 compre·

130 979 303 1054 henditur
317 993 353 1054 et
369 981 471 1080 quasi
481 979 675 1080 effingitur:
689 979 788 1054 unde
799 983 901 1054 etiam
913 985 1092 1057 nominata
1102 999 1205 1077 sunt,
1227 1029 1230 1040 =

129 1102 239 1191 νοητόν
250 1131 270 1176 a
280 1105 371 1194 νοεῖν,
383 1129 477 1203 quae
488 1117 539 1177 est
551 1105 680 1176 mentis
696 1104 766 1189 (τοῦ
779 1113 843 1200 νοῦ)
855 1103 1015 1205 agitatio,
1036 1111 1207 1206 corporet

130 1226 340 1324 contagione
350 1223 473 1320 libera,
483 1223 675 1316 δοξαστόνα
684 1222 850 1323 δοξάζειν,
860 1253 954 1329 quae
968 1227 1145 1327 opinionis
1155 1229 1207 1302 ia·

127 1343 503 1436 cultasest,fluxarum
514 1371 637 1421 rerum
645 1348 828 1448 particeps.
839 1350 940 1422 Sicin
951 1351 1141 1450 utriusque
1150 1377 1208 1424 vo·

129 1463 1204 1573 cabulinotionednplexcerniturdiscrimen,tamobjectarum

129 1611 270 1678 rerum,
287 1613 398 1688 quam
411 1587 544 1686 ingenii
553 1589 685 1664 virium
702 1589 836 1690 quibus
850 1590 931 1666 illae
940 1594 1204 1691 percipiuntur.

129 1711 226 1810 Ergo
236 1725 390 1813 utraque
400 1711 498 1805 haec,
508 1725 545 1786 et
555 1739 611 1786 res
621 1713 1059 1807 aeternasarebusflnxis,
1068 1729 1209 1789 etmen-

129 1843 202 1906 tem
215 1859 236 1906 a
250 1857 375 1924 sensu,
391 1833 491 1931 prius
505 1834 662 1932 oportuit
672 1848 836 1908 accurate
846 1833 1017 1929 discerni,
1027 1850 1208 1910 mutuam·

128 1982 204 2057 que
213 1981 340 2030 eorum
348 1953 644 2030 necessitudinem
652 1957 801 2056 agnosci,
809 1983 920 2058 quam
929 1981 1062 2056 genera
1072 1956 1130 2030 illa
1139 1973 1210 2028 cer·

129 2077 176 2150 tis
195 2077 398 2152 notionibus
417 2076 671 2175 comprehendi
688 2093 725 2152 et
741 2077 920 2155 vocabulis
936 2078 1110 2178 designari
1122 2103 1210 2177 pos·

129 2213 221 2274 sent.
254 2197 352 2292 Quid
373 2211 494 2271 autem
516 2197 776 2275 Parmenides?
806 2199 977 2274 Distinxit
995 2198 1211 2302 quidcmres

129 2335 290 2394 aeternas
300 2345 321 2392 a
331 2317 440 2392 rebus
448 2317 571 2414 fluxis,
581 2320 648 2394 illis
659 2323 862 2417 veritatem,
879 2321 935 2394 his
952 2323 1124 2396 incertam
1137 2322 1211 2420 opi·
1231 2351 1235 2362 ·

126 2445 275 2516 nionem
286 2439 427 2534 tribuit,
444 2438 532 2514 vidit
543 2439 587 2512 ad
599 2441 674 2516 veri
685 2443 921 2540 cognitionem
932 2441 1122 2516 imbecillos
1138 2467 1213 2516 esse

128 2591 275 2656 sensus,
294 2563 431 2636 ratione
450 2559 645 2655 utendum,
666 2560 846 2661 praeclare
868 2560 965 2636 haec:
986 2577 1164 2656 attamen,
1181 2565 1211 2636 si

79 2745 81 2750 .
127 2683 335 2785 diligentius
346 2681 1033 2784 quaerimue,utriusquegenerisvimet
1044 2696 1211 2755 naturam

127 2833 258 2908 parum
273 2799 642 2905 perspicuedefinivit.
668 2801 761 2875 Nam
773 2803 960 2877 veritatem
971 2803 1210 2896 ratione‚visa

127 2925 290 3004 sensibus
302 2923 454 3024 percipi,
470 2920 678 3020 significavit
687 2921 912 3020 quidem,ut
923 2923 1028 2999 modo
1037 2923 1213 3016 diximus,
1320 2933 1323 2940 “

127 3077 201 3126 non
215 3074 300 3126 vero
316 3045 409 3119 clare
425 3043 606 3142 expressit.
640 3043 850 3143 Utrumque
859 3047 907 3119 ita
919 3045 1101 3140 describit,
1120 3046 1211 3119 utin

127 3173 239 3248 altero
254 3183 363 3269 ponat
378 3166 490 3242 πίστιν
501 3161 619 3257 ἀληθῆ,
631 3179 779 3238 certam
790 3168 1103 3263 persuasionem,
1115 3191 1210 3266 quae

24 3305 28 3312 ’
127 3289 368 3368 muccinando
390 3292 501 3388 (κρῖναι
518 3284 625 3385 λόγῳ)
641 3311 771 3362 verum
789 3279 1022 3380 demonstran
1044 3289 1083 3360 in
1099 3285 1209 3361 altero
1321 3363 1323 3366 ,

125 3406 1209 3504 ἀπατῆν,εηοτεωειἰυοουεῑαηῑίαω.Ροντοτεῑίοηεωείνο

126 3535 349 3612 intellectum
359 3528 648 3630 dirimitquidem
654 3554 799 3621 asensn,
807 3554 879 3602 non
887 3542 1008 3601 autem
1017 3529 1209 3628 utriusque

127 3674 295 3734 naturam
311 3653 478 3753 explicat,
494 3677 562 3727 nec
578 3653 682 3726 certis
694 3649 870 3726 vocabulis
885 3649 1053 3748 designat.
1079 3635 1207 3740 Quum

127 3781 172 3854 de
185 3775 348 3852 sensibus
362 3775 535 3876 loquitur,
552 3771 696 3866 oculos,
710 3797 839 3862 aures,
851 3771 1027 3870 linguam
1041 3781 1206 3867 usurpat,

127 3897 270 4001 generis
294 3895 467 3972 vocabulo
498 3891 689 3983 αἴσθησις
721 3917 795 3966 non
816 3891 933 3966 utitur
959 3897 1204 4006 ²³3¹neccon·

127 4021 280 4095 trarium
301 4017 387 4094 huic
411 4027 498 4094 νοῦν
512 4030 547 4092 et
562 4019 662 4092 νοεῖν
674 4013 719 4090 de
738 4013 878 4114 propria
900 4011 1030 4087 mentis
1051 4012 1214 4104 actione,

157 4179 216 4258 (oti
250 4191 305 4244 tiu.
322 4186 353 4251 54
372 4207 408 4260 sq.
