2840 4820
515 395 729 439 curiosorum.
1117 375 1161 442 99

102 567 196 651 atque
223 553 325 625 ambo
350 553 438 626 adeo
473 579 516 626 ex
558 555 634 650 ipso
670 552 768 626 sonte
813 553 921 625 ducta
956 553 1158 628 videantur.
1206 575 1211 580 ·

99 659 141 728 Et
171 657 352 758 diligenter
390 657 695 731 considerantibus
737 670 885 756 apparet
916 658 956 730 in
1000 671 1157 757 utroque

97 765 144 836 ris
163 766 330 864 quaedam
356 767 591 864 integritatis,
620 766 793 838 immunis
814 763 875 835 illa
902 764 948 837 ab
970 765 1012 836 iis
1036 791 1158 838 macu-

94 868 135 941 lis
155 871 281 968 quibus
306 871 513 969 posteriores
539 871 753 968 interpretes
791 869 906 942 multa
931 871 1159 968 Xenophanis
1285 889 1287 894 ’

1 1063 2 1066 ¹
92 976 207 1075 placita
237 979 493 1076 depravarunt.
525 977 691 1074 Denique
720 975 798 1048 talis
828 977 975 1050 videtur
1005 1003 1078 1050 esse
1103 1004 1158 1050 ar-

1 1168 2 1173 ,
90 1085 311 1182 gumentandi
340 1098 378 1158 et
407 1083 593 1179 judicandi
626 1083 738 1172 ratic,
770 1108 863 1182 quae
888 1083 1085 1156 Aristotelis
1101 1084 1156 1156 in·

89 1191 183 1288 genio
197 1189 389 1263 admodum
406 1215 604 1288 congruens
617 1189 678 1284 sit,
690 1189 788 1288 unde
802 1191 929 1263 merito
939 1192 1046 1264 statui
1058 1216 1158 1289 posse

87 1299 256 1392 arbitror,
275 1300 374 1372 bunc
402 1295 568 1371 libellum
595 1299 661 1369 nisi
685 1323 730 1370 ex
760 1299 872 1395 ipsius
898 1299 1158 1374 commentariis

1 1411 2 1438 ³
87 1402 246 1477 relictum
286 1417 407 1478 tamen
442 1429 487 1475 ex
519 1407 598 1498 ejus
628 1402 745 1476 schola
774 1404 818 1476 ad
852 1431 914 1478 nos
943 1407 1155 1503 pervenisse.

129 1594 189 1665 His
214 1594 467 1692 praemonitis,
491 1593 660 1692 deinceps
683 1596 802 1694 ipsum
826 1596 927 1670 bunc
949 1595 1070 1668 locum
1095 1618 1156 1666 ex-

83 1727 253 1799 ponemus
275 1703 383 1800 eiqne
420 1703 650 1802 Theophrasti
681 1705 926 1777 testimonium
951 1731 972 1777 e
995 1701 1154 1800 ¹Simpli-
1180 1725 1184 1732 ·

81 1809 133 1880 cio
161 1807 426 1906 adjungemus,
458 1809 524 1902 ut,
551 1808 737 1882 ,ambobus
769 1813 865 1883 inter
886 1835 923 1882 se
947 1811 1157 1909 comparatis

80 1913 318 2014 adhibitisque
338 1917 379 1988 iis
413 1941 507 2014 quae
530 1915 592 1988 alii
629 1917 815 2014 scriptores
847 1917 973 2015 passim
1001 1941 1156 1990 comme-

79 2035 288 2112 morarum,
330 2023 558 2122 Xenophanis
601 2023 813 2096 sententiam
850 2033 1031 2122 quantum
1077 2023 1155 2098 fieri

77 2129 182 2226 possit
207 2127 476 2227 diligentissime
502 2127 736 2228 explicemus.
