2966 4824
292 411 353 472 198
686 431 740 477 nn
754 426 971 477 rhammus

288 617 348 668 rae
359 595 410 697 (ot
421 597 603 694 φυσικῶς)ε
620 621 775 697 namque
790 615 864 667 esse
878 589 1024 692 quidem
1036 593 1237 692 ingenitum
1250 593 1362 695 qnid·

287 714 369 787 dam
388 731 425 790 st
438 713 639 810 immobile3
665 740 796 792 verum
818 713 911 790 bauo
930 713 1174 814 quaestionem
1197 739 1272 789 non
1295 739 1364 788 na·-

287 835 410 910 turalis
438 837 499 910 sed
526 838 667 913 divinae
695 835 931 936 philosophiae
962 859 1057 927 esse,
1085 860 1157 908 non
1184 834 1363 938 physices,

286 957 347 1030 sed
367 957 560 1057 theologiae
579 987 727 1034 munus.
778 957 835 1030 llli
856 983 954 1050 vero,
975 959 1110 1058 inquit,
1127 955 1188 1034 leh
1208 959 1249 1048 ri
1269 957 1366 1055 μηθὲν

285 1083 345 1176 μὲν
358 1080 454 1156 'tuo
474 1081 567 1178 aruph
580 1083 635 1172 riv
653 1087 714 1157 rtis
734 1079 936 1170 αἰσθητῶν
955 1081 1094 1156 οὐσίαν
1112 1081 1364 1178 ὑπολαμβάνω

285 1196 383 1294 εἶναι,
408 1209 566 1284 τοιαύτας
590 1201 627 1279 δέ
652 1231 740 1284 τινας
763 1205 874 1293 νοῆσαι
902 1207 1022 1300 πρῶτοι
1045 1207 1183 1299 utores,
1204 1245 1252 1262 ··-
1278 1201 1364 1300 ὅπερ

284 1327 380 1401 ἔσται
400 1353 448 1406 τις
472 1329 590 1423 γνῶσις
606 1323 624 1416 ἢ
641 1326 791 1422 φρόνησις
803 1367 850 1384 -
862 1325 949 1398 οὕτω
960 1322 1163 1424 μετήνεγκεν
1181 1322 1238 1400 ἐπὶ
1255 1333 1366 1399 refrte

284 1455 359 1526 τοῦς
369 1443 485 1523 ἐκεῖθεν
494 1448 624 1546 λόγους.
650 1449 777 1540 Quum
788 1447 925 1522 nullam
936 1451 1365 1548 suspioarenturessenisi

282 1567 527 1667 spectabilium
550 1593 671 1643 rerum
696 1570 902 1660 essentiam,
924 1582 961 1642 et
983 1581 1100 1641 tamen
1124 1567 1364 1667 intelligerent

282 1713 357 1762 esse
383 1704 545 1787 oportere
573 1703 740 1764 naturam
764 1689 946 1789 quandam
964 1689 1158 1788 ingenitam
1178 1703 1215 1762 et
1239 1690 1363 1764 immo-

281 1808 409 1902 bilem,
434 1813 501 1884 nisi
523 1812 637 1885 omnis
661 1813 805 1887 seientia
827 1811 986 1902 tollatur,
1014 1809 1058 1884 ad
1081 1809 1177 1882 illam
1200 1825 1378 1886 transtu-¹

281 1929 404 2006 lerunt
419 1935 579 2006 notiones
603 1932 689 2006 huic
705 1935 884 2032 proprias,
908 1946 946 2005 et
960 1930 1089 2004 mnndi
1103 1945 1272 2007 naturam
1293 1938 1359 2008 lin·

280 2068 415 2126 xerunt
441 2056 543 2156 quasi
566 2069 747 2130 aeternam
769 2069 806 2127 et
825 2055 994 2132 divinam.

330 2175 386 2247 Ex
409 2174 464 2247 his
487 2166 666 2276 qnantum
689 2174 827 2249 effioere
850 2199 1058 2274 possumus,
1081 2179 1277 2254 Aristotelia
1299 2181 1359 2282 ju·

279 2293 414 2370 dicium
450 2293 655 2394 hujusmodi
686 2311 749 2370 est.
800 2296 930 2370 Censet
967 2299 1232 2394 Parmenidem,
1272 2305 1361 2380 sicut

278 2415 467 2518 plerosque
486 2415 665 2517 physioos,
682 2419 896 2519 quaesivisse
919 2434 1110 2496 naturae
1132 2425 1361 2526 principium,

277 2539 495 2637 principium
521 2551 645 2612 autem
666 2539 748 2634 tale,
777 2541 873 2642 quod
898 2557 988 2618 esset
1013 2559 1176 2620 oonstans
1194 2562 1362 2650 certaque

277 2660 476 2757 cognitione
497 2673 612 2759 posset
632 2662 896 2760 comprehendi.
925 2667 1076 2774 ‘Quum
1101 2693 1187 2745 vero
1215 2695 1360 2771 genera·
1469 2705 1470 2751 t

278 2779 382 2852 tionis
404 2776 596 2879 fluxaeque
614 2795 764 2857 naturae
780 2799 920 2859 oertum
939 2815 979 2862 ac
999 2785 1122 2862 stabile
1142 2792 1361 2893 principium
1468 2843 1469 2850 κ

278 2901 435 2998 reperire
456 2926 528 2974 non
549 2917 684 2999 posset,
717 2907 881 2979 statuisse
904 2911 1116 2984 universum
1143 2939 1265 2988 unum
1288 2941 1361 2990 esse

204 3047 212 3062 ·
278 3035 313 3094 et
335 3019 532 3114 immobile,
553 3047 647 3123 quae
667 3023 830 3100 sensibus
853 3029 1063 3125 videantur,
1092 3033 1136 3107 ad
1156 3038 1361 3135 opinionem

277 3141 473 3236 reduxisse,
503 3144 601 3244 quod
629 3171 713 3221 vero
740 3145 878 3222 ratione
904 3150 1053 3253 intelligi
1085 3161 1211 3256 possit,
1246 3159 1362 3234 solum

224 3345 226 3350 ,
277 3289 409 3336 verum
424 3265 643 3340 aestimasse.'
686 3267 760 3342 Hoc
779 3284 900 3342 autem
921 3273 1134 3352 intellexisse
1156 3277 1362 3356 substan·
1465 3353 1466 3358 ,

276 3385 381 3459 tiam
403 3388 473 3487 (rip
495 3389 619 3488 sirim)
636 3403 788 3463 naturae
805 3389 1064 3491 adspectabilis,
1081 3423 1234 3500 eamque
1245 3403 1362 3476 infor-
1465 3369 1466 3390 l

278 3531 389 3578 masse
410 3533 483 3581 non
502 3511 603 3610 quasi
626 3511 810 3584 materiem
832 3538 949 3614 equa
971 3517 1044 3590 sint
1066 3521 1209 3612 omnia,
1231 3523 1298 3597 sed
1319 3539 1362 3599 ut

276 3625 428 3700 formam
450 3655 515 3728 per
542 3655 578 3702 se
602 3628 799 3704 absolutam
825 3647 861 3707 et
884 3637 1095 3734 perfectam:
1123 3644 1160 3714 oi
1183 3645 1279 3720 sarit
1307 3649 1361 3738 ria

276 3744 378 3840 ὅλην,
408 3747 503 3824 ἄλλὶι
527 3751 619 3826 uarie
648 3753 703 3826 riv
728 3752 847 3852 λόγον,
870 3771 912 3830 ut
934 3757 1017 3831 alibi
1038 3759 1122 3834 dicit
1140 3772 1220 3836 ¹²⁹.
1270 3768 1361 3840 Hine

274 3867 503 3968 intelligitur,
536 3901 601 3948 cur
621 3873 823 3948 Aristoteles
844 3875 1092 3956 Parmenidem
1119 3897 1156 3956 et
1178 3883 1358 3962 Melissum

274 3999 347 4060 tam
382 3992 592 4092 frequenter
621 4008 781 4088 aoouset,
813 3999 909 4097 quod
942 4015 1093 4077 naturae
1125 4006 1357 4084 substantiam

308 4131 380 4199 (129)
416 4137 517 4190 hristot.
536 4141 649 4232 Metapb.
667 4141 693 4200 1,
713 4138 734 4189 5.
755 4157 782 4209 p.
802 4141 851 4204 648
868 4145 896 4195 E.
