2840 4820
505 374 681 429 numoumn.
1089 355 1135 421 83

72 545 256 644 significari.
275 545 346 618 Sed
369 545 480 619 istum
502 537 661 621 errorem
688 549 756 623 viri
777 548 871 621 docti
893 552 967 644 jam
995 549 1138 622 dudum

71 649 301 744 refellemnt,
329 664 367 726 et
398 653 518 750 κέρασον
550 655 617 728 diu
652 668 735 727 ante
771 651 965 728 Lucullum
993 653 1139 728 Graecis

71 757 256 828 innotuisse
282 769 428 829 constat.
455 759 534 833 Vid.
562 759 771 833 Athenaeus
788 761 844 848 ΙΙ,
869 787 904 858 p.
933 759 998 850 50,
1023 775 1060 834 et
1087 760 1139 834 ibi

70 862 258 934 casauboni
279 861 469 950 Animadv.
492 892 527 964 p.
561 865 639 938 103.
666 866 804 938 Plinius
825 867 870 936 H.
899 867 940 938 Ν.
968 867 1057 958 XV,
1078 867 1139 941 30.

69 971 120 1043 cd.
138 971 213 1068 Bip.
228 968 391 1067 Geopon.
405 972 548 1071 Scriptt.
561 974 604 1064 X,
621 973 680 1066 dr.
694 975 750 1047 ed.
763 973 895 1047 Heedh.
908 974 1075 1073 Denique
1093 975 1143 1048 de

37 1165 41 1173 Ι
68 1076 153 1150 libro
172 1084 237 1175 περὶ
256 1083 365 1176 φύσεως
380 1079 470 1176 quid
488 1081 766 1156 existimandum
783 1081 846 1174 sit,
879 1081 926 1156 de
956 1107 999 1156 eo
1030 1105 1139 1180 supra

70 1209 101 1281 p.
125 1181 180 1256 26.
198 1185 365 1260 diximus.

545 1417 646 1480 XXX.

114 1671 345 1774 Etymologus
386 1673 432 1744 H.
471 1681 633 1774 Βρόταχος·
671 1683 716 1748 τὸν
752 1681 904 1776 βάτραχον
933 1665 1071 1767 Ἴωνες,Ι
1096 1686 1146 1750 καὶ

69 1773 276 1879 Ἀριςυφάνης,
310 1787 361 1852 καὶ
393 1790 474 1878 παρὰ
505 1784 750 1882 Ξενοφάνει.
781 1785 948 1858 Eandem*
990 1785 1147 1858 nominis

71 1895 213 1968 lormam
244 1895 391 1970 exbibet
423 1898 619 1998 Hesychius
651 1925 672 1970 a
712 1897 865 1972 librariis
893 1911 1069 1972 mutatam
1104 1903 1144 1975 in

71 2006 218 2100 βάραχος.
248 2003 328 2076 Vid.
355 2003 477 2102 lntpp.
497 2004 535 2074 T.
553 2005 586 2096 I,
606 2030 636 2076 c.
658 2028 739 2104 77⁰·
763 2003 865 2078 Idem
889 2002 1038 2078 alteram
1055 2029 1144 2106 quo-

71 2134 138 2207 que
168 2111 320 2182 sormam
345 2109 454 2183 habet
478 2113 648 2208 βόρταχοςς
682 2109 770 2186 haec
792 2107 976 2204 Aeolum,
1002 2109 1063 2185 illa
1090 2111 1146 2186 Io·

73 2240 155 2288 num
181 2216 328 2290 videtur
360 2219 503 2315 propria
541 2217 659 2291 fuisse.
688 2215 823 2288 Similia
844 2217 1021 2314 quaedam
1043 2215 1146 2290 affert

74 2321 166 2394 Koen
188 2323 232 2396 ad
256 2321 405 2422 Gregor.
422 2324 581 2397 Corinth.
609 2324 655 2398 de
671 2323 823 2398 dialecto
847 2325 967 2396 lonica
989 2351 1024 2422 p.
1051 2322 1144 2417 455,

75 2428 123 2501 od.
148 2429 328 2503 Schaefer.

549 2707 665 2772 XXXI.

118 2963 161 3034 A.
186 2959 330 3038 Gellius
351 2961 393 3032 N.
424 2959 465 3032 A.
483 2959 560 3054 III,
593 2987 630 3034 rr
654 2988 662 3034 :
683 2985 705 3032 u
725 2958 797 3034 Alii
825 2965 1010 3034 Homerum
1043 2985 1150 3056 quom

79 3091 96 3138 o
118 3070 302 3142 Hesiodum
317 3071 481 3158 mojorem
504 3080 592 3140 natu
612 3071 724 3158 fuisse
748 3065 989 3164 scripserunt,
1010 3066 1050 3138 in
1070 3067 1151 3164 qui·

79 3173 188 3250 nbus
215 3171 447 3248 Philochorus
477 3185 514 3248 et
542 3177 794 3267 Xenophanes,
825 3169 885 3246 alii
917 3171 1148 3246 minorem.»

80 3281 330 3379 Xenophanem
348 3278 607 3378 Colophonium
623 3280 784 3370 Homeri,
804 3279 913 3378 quem
926 3303 1036 3352 suum
1049 3304 1151 3377 prae-

81 3389 239 3464 diabant
275 3386 505 3486 Colophonii,
532 3400 685 3462 aetatem
715 3376 943 3480 memorasse,
973 3411 1048 3459 non
1077 3386 1151 3458 mi-

82 3523 158 3570 mm
177 3525 185 3569 :
202 3495 302 3570 unde
328 3521 413 3574 vero
438 3496 682 3568 testimonium
705 3498 785 3588 ejus
808 3495 983 3592 acceperit
1012 3491 1154 3566 Gellius

18 3623 20 3646 t
83 3629 148 3678 oon
173 3615 346 3702 apparet3
380 3601 563 3700 probabile
590 3615 684 3676 esta
713 3600 921 3674 Philochoro
963 3598 1153 3674 clarissimo

85 3709 321 3808 chronologo,
353 3735 463 3808 quem
498 3709 653 3806 priorem
683 3709 871 3798 nominat,
905 3729 978 3780 esse
1009 3703 1153 3780 desum-

87 3827 169 3890 tum.
193 3817 328 3890 Eadem
352 3829 474 3890 autem
498 3817 619 3914 opinio
644 3813 824 3890 Heraclidi
844 3813 989 3886 Pontico
1010 3825 1047 3886 et
1078 3811 1155 3911 ple·

88 3926 199 4024 n'sque
240 3936 405 3999 veterum
432 3923 578 4023 placuit.
616 3921 697 3996 ¹Vid.
740 3919 946 3998 Dodwellus
987 3919 1032 3994 de
1068 3933 1156 3996 vett.

91 4029 205 4108 Graec.
221 4045 259 4106 et
274 4033 425 4106 Roman.
442 4031 547 4132 cyclis
562 4033 704 4108 Dissert.
721 4029 798 4124 IH,
815 4055 851 4129 p.
884 4025 973 4122 156,
1000 4041 1038 4104 et
1055 4029 1156 4104 Doct.

807 4195 810 4202 .
962 4141 1008 4214 6*
