2870 4824
251 329 292 393 lt
698 347 892 392 xnrornarus

248 499 466 576 rectioribus
496 499 689 573 hominum
716 491 894 600 ingeniis,
924 497 1024 571 haud
1054 506 1221 596 poterant
1248 519 1343 595 pro-

247 607 356 681 bari:
389 609 536 681 mutatis
564 607 663 680 enim
693 605 940 704 temporibus,
970 601 1079 676 simul
1107 613 1249 676 mentes
1274 601 1344 675 ho·

249 717 394 789 minum
410 727 513 790 erant
531 727 704 788 mutatae.
717 713 800 808 Quo
813 714 947 785 factum
962 722 1033 804 est,
1053 723 1097 784 ut
1115 708 1343 810 philosophi,

252 849 338 898 cum
351 819 565 895 hasfabulas
582 821 627 894 ad
651 821 727 896 veri
749 821 912 918 rectique
938 818 1114 890 rationem
1137 817 1342 905 referrent,

247 957 306 1006 eas
339 943 383 1002 ut
414 927 578 1026 indignas
610 941 648 1002 et
681 928 833 1000 nefarias
865 925 1123 1024 repudiarint,
1157 936 1267 1022 atque
1297 925 1348 996 in

249 1040 341 1138 ipsos
363 1046 525 1109 auctores
537 1035 740 1157 gravissime
754 1035 889 1108 invecti
906 1037 989 1106 sint.
1004 1033 1061 1105 Sic
1081 1023 1345 1130 Pythagoram,

247 1157 293 1218 ut
315 1143 479 1216 homines
501 1170 521 1215 a
545 1141 707 1215 fabulis
697 1143 771 1214 rstis
791 1141 1012 1232 deterreret,
1031 1139 1172 1212 finxisse
1190 1139 1341 1229 ferunt,

249 1276 312 1343 sc,
337 1275 423 1323 cum
449 1249 494 1322 ad
516 1249 649 1322 inferos
672 1243 936 1338 descendisset,
962 1194 1089 1320 vidisse
1122 1245 1174 1317 ibi
1196 1193 1345 1318 Hesiodi

250 1357 409 1428 animam
441 1354 633 1446 columnae
660 1381 793 1428 aeneae
823 1353 1005 1451 alligatam
1030 1352 1346 1450 stridentemque,

248 1464 449 1536 Homerum
472 1463 560 1536 item
579 1461 828 1560 pendentem
818 1487 857 1534 m
875 1460 1002 1532 arbore
1019 1459 1295 1558 serpentibus
1266 1484 1348 1532 οιτ-

249 1569 483 1657 cumdatum‚
510 1594 636 1641 eorum
666 1595 786 1641 caussa
812 1594 906 1667 quae
934 1567 980 1640 de
1009 1565 1085 1637 Diis
1108 1562 1345 1638 finxissent&

249 1679 347 1750 Haec
359 1702 442 1774 crgo
457 1675 695 1774 Xenophanes
708 1701 826 1796 quum
844 1701 918 1747 non
934 1675 1056 1746 minus
1071 1699 1215 1747 morum
1229 1699 1348 1794 quam

240 1783 430 1882 religionis
460 1785 641 1855 sanctitati
667 1782 843 1856 contraria
874 1806 947 1854 esse
976 1779 1180 1875 judicaret,
1211 1781 1348 1852 acriter

252 1892 454 1990 increpavit
470 1917 598 1965 eorum
616 1889 797 1964 licentiam
812 1901 849 1962 et
861 1889 1055 1992 utriusque
1073 1885 1227 1980 fabulas,
1243 1913 1348 1987 prae·

252 2011 377 2082 sertim
401 2007 571 2099 Homeri,
597 2005 711 2080 libera
737 2005 963 2080 cavillatione
988 2006 1198 2104 perstrinxit
1221 2019 1259 2079 et
1280 2031 1347 2080 re-

249 2113 442 2240 darguit³².
481 2115 726 2207 Quamobrem
754 2141 775 2185 a
805 2113 952 2186 Timone
985 2111 1199 2211 sillographo
1226 2113 1347 2187 facete

249 2215 510 2319 Ὀμηραιιάτης’
493 2231 675 2304 ιπισκώπτης
698 2218 901 2320 appellatus
928 2217 1029 2294 est³³.
1066 2219 1148 2314 Quo
1184 2223 1348 2320 pertinet

292 2401 354 2480 (31)
376 2400 573 2462 Narrationem
601 2399 675 2460 hanc
701 2401 788 2460 refert
818 2400 939 2481 Diogen.
965 2400 998 2460 11.
1030 2400 1118 2476 VIII,
1143 2421 1202 2476 21,
1228 2415 1346 2462 auctore

251 2493 425 2574 Hieronymo
446 2493 652 2573 Peripatetico,
672 2490 752 2575 cujus
779 2490 866 2572 fidem
885 2491 987 2574 probat
1009 2490 1201 2564 Tiedemann‚
1227 2493 1346 2555 Griech.
1418 2491 1420 2496 ’

251 2593 325 2642 crste
341 2581 444 2642 Philos.
457 2603 486 2663 p.
499 2580 578 2664 407,
595 2582 685 2663 rejicit
701 2602 769 2643 vero
787 2582 909 2640 Meiners
932 2580 1099 2642 Geschichtc
1118 2579 1147 2641 d.
1163 2583 1342 2643 Wissensch.

250 2673 287 2733 Τ.
310 2674 343 2748 I,
366 2695 394 2754 p.
417 2670 476 2754 294
498 2692 539 2750 sq.
560 2670 624 2757 ideo
643 2673 808 2753 praesertim
826 2669 902 2749 quod
922 2671 1092 2752 Pythagoras
1113 2677 1259 2753 poetarum
1280 2674 1349 2734 illo-

250 2783 315 2823 rum
335 2763 459 2822 carmina
478 2761 593 2820 maximi
611 2761 718 2821 fecerit.
736 2765 868 2822 Attamen
884 2759 1016 2820 admirari
1036 2763 1130 2842 potuit
1142 2782 1241 2822 eorum
1262 2765 1347 2844 ioge-

251 2855 350 2929 nium,
373 2851 486 2914 laudare
512 2853 626 2911 virtutis
647 2865 795 2934 praecepta
818 2862 847 2912 et
873 2851 1019 2933 exempla,
1050 2852 1150 2930 quibus
1178 2853 1346 2932 abundant,

215 3003 223 3020 Ι
251 2943 413 3024 vituperare
436 2954 529 3000 tamen
548 2939 676 3001 fictiones
696 2954 725 3002 et
750 2941 879 3016 fabulas,
910 2962 978 3020 quas
1002 2939 1038 3001 dc
1066 2942 1127 3001 Diis
1151 2945 1346 3023 protulissent.

252 3032 379 3093 Platonis
398 3030 556 3112 exemplum
576 3029 607 3090 id
627 3031 693 3091 satis
712 3032 824 3113 probat.
844 3031 923 3091 hicet
940 3052 1008 3092 vero
1029 3031 1204 3112 Pythagorae
1223 3032 1254 3094 id
1271 3035 1346 3098 falso

252 3121 389 3182 tributum
417 3122 454 3180 sit
478 3119 567 3199 [nolo
595 3122 669 3180 enim
692 3123 881 3203 praestare),
918 3120 1007 3180 nihilo
1023 3123 1123 3181 ¹minus
1150 3121 1210 3203 ejus
1242 3127 1345 3187 aetatis
1366 3189 1370 3196 ,

253 3213 342 3272 menti
361 3208 475 3272 videtur
492 3209 743 3271 accommodatum.
765 3213 871 3272 Notum
890 3223 951 3288 est,
970 3210 1039 3289 quid
1058 3211 1216 3272 Heraclitus
1233 3213 1264 3272 in
1282 3215 1347 3276 Ho-

253 3321 361 3362 merum
380 3299 504 3373 dixerit,
526 3314 711 3361 memoratum
732 3323 748 3360 a
766 3302 893 3382 Diogene
913 3303 944 3360 L.
965 3300 1030 3372 IX,
1052 3313 1118 3362 sect.
1147 3322 1169 3360 ι.

292 3389 358 3472 (32)
381 3391 455 3450 Clar.
474 3391 575 3452 Victor
597 3393 702 3452 Cousin
724 3391 744 3450 l.
765 3392 785 3450 l.
810 3413 838 3473 p.
860 3392 898 3475 57
921 3391 991 3452 dicit
1013 3412 1020 3448 ι
1046 3414 1062 3448 a
1084 3391 1257 3454 Aulo-Gelle
1277 3388 1347 3478 pit·

252 3479 323 3542 tend
346 3500 400 3561 que
426 3481 604 3564 Xenophane
629 3482 763 3564 preferait
786 3482 908 3541 Hesiode
930 3483 947 3540 a
969 3481 1126 3540 Homerea
1153 3497 1206 3542 etc.
1234 3487 1263 3544 in
1287 3508 1346 3566 quo

252 3571 323 3633 levis
347 3569 482 3651 qrraedam
505 3573 613 3630 incuria
636 3573 727 3632 virum
750 3571 961 3631 celeberrimum
988 3572 1099 3631 fefellit.
1125 3576 1160 3634 A.
1183 3576 1289 3636 Gellius
1312 3581 1346 3639 in

254 3662 336 3736 loco,
355 3683 437 3741 quem
454 3662 501 3722 ille
521 3661 637 3738 laudat,
659 3663 696 3722 N.
716 3665 749 3722 A.
767 3663 829 3738 Ill,
850 3683 881 3724 ιι
892 3708 901 3739 ,
920 3661 955 3723 de
975 3663 1118 3742 utriusque
1138 3678 1235 3745 poetae
1254 3681 1347 3730 aetate

152 3809 156 3817 ,
255 3750 380 3830 loquitur
400 3765 428 3811 et
453 3750 637 3832 Xenophanis
657 3753 847 3814 testimonium
868 3754 986 3836 profert.
1007 3753 1071 3835 Ipsa
1090 3756 1179 3815 verba
1200 3757 1346 3818 attulimus

256 3841 360 3922 fragm.
379 3841 498 3904 XXXI.
519 3843 604 3901 infra.

299 3933 364 4008 (33)
386 3931 464 3990 sexa.
487 3931 595 4014 Empir.
618 3932 758 4015 Pyrrhon.
783 3934 807 3994 I.
831 3945 899 3994 sect.
921 3933 990 4014 224.
1012 3935 1132 4015 Diogen.
1160 3936 1192 3996 L.
1212 3935 1268 3997 IX.
1298 3935 1345 3998 18.

256 4018 294 4081 ad
307 4039 335 4098 q.
355 4017 373 4078 l.
390 4017 522 4080 Khbuius
539 4023 656 4101 corrigit
671 4022 883 4106 ‘ommim
896 4027 1064 4084 Homerum
1079 4027 1202 4086 calcans
1211 4050 1226 4100 ,·
1243 4025 1346 4106 quodsi

253 4109 453 4194 ῗομημπιέτης
472 4132 526 4193 pro
547 4109 687 4194 adjectivo
708 4115 868 4178 habendum
888 4127 980 4193 esset,
1005 4127 1037 4174 ut
1059 4117 1182 4198 positum
1203 4130 1246 4178 est
1266 4118 1346 4201 apud
