2924 4820
500 345 713 391 ramosam.
1080 333 1140 398 151

91 516 157 564 rsro
170 501 298 564 terram
312 519 333 565 a
347 493 507 586 nemine,
520 493 631 590 hujus
642 495 779 568 dictum
791 495 1020 594 comprobant
1030 498 1144 574 Philo·

89 623 184 696 ponus
200 610 237 671 et
258 599 489 698 Simplicius:
510 600 549 673 hi
564 627 646 700 ergo
664 629 787 674 omnes
802 603 1031 702 Xenophanis
1049 605 1142 680 illud

88 703 249 776 decretum
267 718 335 778 aut
356 709 565 805 ignorarunt
582 721 645 780 aut
664 707 921 782 intellexerunt
946 709 1058 784 aliter.
1085 713 1143 786 Sin

88 813 182 884 onnia
206 812 267 884 illa
294 815 456 912 quande
480 815 665 890 elementis
687 817 720 890 ei
741 811 991 890 adscribuntur
1016 817 1144 916 placita

28 937 29 944 ³
86 941 173 1015 quam
193 945 324 1018 parum
339 921 516 1018 explorata
533 925 604 994 sint
629 935 666 994 et
690 947 799 1020 quam
821 923 961 996 infirma
981 925 1143 999 nitantur

28 1071 29 1132 3
86 1027 298 1116 auctoritate,
329 1031 411 1100 satis
447 1029 631 1100 manifesto
668 1041 789 1126 patere
824 1027 985 1100 arbitror.
1020 1029 1142 1102 Xeno-

28 1137 29 1150 ¹
86 1129 217 1226 pharam
243 1147 388 1230 praeter
418 1161 534 1208 unum
568 1135 659 1207 illud
692 1147 801 1232 atque
826 1161 1012 1210 summum
1039 1138 1143 1232 prin·

87 1235 216 1331 cipium,
230 1239 269 1310 in
286 1265 362 1338 quo
378 1254 449 1313 tota
468 1254 589 1314 mente
606 1253 682 1314 erat
693 1240 849 1331 delirus,
869 1242 975 1312 etiam
993 1253 1143 1314 naturae

86 1345 239 1440 principia
281 1349 505 1446 investigasse
544 1347 588 1419 ad
622 1372 715 1444 quae
753 1359 925 1444 tanquam
964 1345 1145 1420 elementa

86 1470 130 1516 res
148 1473 267 1522 omnes
290 1453 498 1544 reduceret,
525 1479 597 1524 non
622 1466 675 1524 est
698 1451 890 1549 probabile.
928 1452 1041 1546 Cujus
1069 1451 1144 1548 opi·

28 1575 29 1638 l
86 1551 180 1624 nionis
215 1569 429 1654 argumento
468 1557 569 1629 nobis
609 1570 662 1630 est
698 1557 896 1629 Aristotelis
927 1557 1035 1628 etiam
1060 1581 1143 1628 auc·

28 1647 29 1652 ¹
86 1658 206 1749 toritas,
235 1663 305 1758 qui
331 1663 439 1753 dicit,
469 1681 524 1734 τῶν
550 1665 580 1732 ἓν
602 1673 769 1762 φασκόντων
799 1661 871 1732 εἶναι
898 1669 929 1732 τὸ
949 1679 1007 1734 πᾶν
1044 1660 1086 1732 h:
1110 1687 1142 1734 e.

90 1760 337 1854 Eleaticorum,
364 1780 512 1864 excepto
540 1767 777 1855 Parmenide,
810 1765 954 1838 nullum
979 1767 1018 1836 in
1042 1777 1145 1838 natu·

89 1887 136 1937 rae
159 1873 383 1967 generandae
409 1898 592 1963 caussam,
618 1873 691 1948 sive
713 1897 836 1944 rerum
859 1868 1060 1960 elementa,
1085 1871 1145 1941 in-

90 1973 252 2068 quisivisse
280 1975 314 2048 ¹⁶.
341 1978 435 2048 Num
454 1977 664 2068 credamus,
691 1977 719 2048 si
748 1973 990 2070 Xenophanes
1014 1999 1056 2046 ea
1077 1985 1145 2046 sta·

90 2081 194 2154 luisset
223 2109 322 2180 quae
347 2088 554 2182 posteriores
586 2083 641 2156 illi
665 2081 897 2172 attribuunt,
922 2105 942 2150 a
966 2078 1147 2154 veteribus

27 2263 28 2268 .
89 2188 159 2259 adeo
181 2192 382 2290 neglectam
399 2205 463 2265 aut
479 2197 675 2292 ignoratam
691 2195 769 2287 ejus
787 2189 1002 2263 sententiam
1022 2187 1146 2279 luisse,

90 2309 122 2367 ut
140 2297 367 2374 Aristotelem
381 2315 417 2374 ct
433 2287 715 2400 Theophrastum
734 2297 902 2397 fugisset'.l
920 2296 1017 2390 Quid
1033 2295 1147 2394 ergo'l

89 2402 281 2498 lbjicisnda
297 2419 349 2479 est
362 2409 537 2482 nimirum
551 2408 621 2493 ,ista
639 2405 902 2479 elementorum
925 2403 1035 2492 ratio,
1053 2425 1147 2498 quae

89 2535 147 2582 oon
170 2541 188 2586 a
212 2516 439 2614 Xenophane
470 2515 649 2612 profecta,
675 2513 736 2587 sed
759 2523 878 2610 postea
904 2510 1053 2582 demum
1078 2533 1147 2579 err-

88 2615 198 2712 plicata
236 2633 314 2714 est,
344 2622 557 2693 recentiores
592 2621 710 2690 omnia
747 2631 914 2693 vetorum
939 2615 1032 2687 dicta
1061 2637 1147 2686 suae

27 2737 28 2778 t
88 2729 269 2799 sententiae
293 2727 619 2820 accommodantes,
656 2727 764 2798 etiam
791 2723 880 2796 haec
919 2720 1047 2820 placita
1073 2745 1147 2791 nnn

27 2837 28 2842 ’
88 2831 175 2902 modo
198 2833 419 2930 Xenophani
444 2831 592 2930 aliisque
625 2831 735 2926 hujus
758 2831 882 2902 aetatis
903 2825 1143 2926 philosophis,

89 2935 137 3005 sed
174 2940 428 3036 antiquissimis
468 2961 614 3036 quoque
638 2935 802 3024 vatibus,
828 2935 982 3006 Homero
1010 2945 1053 3004 et
1070 2932 1146 3003 He-

88 3041 189 3135 siodo,
217 3045 446 3134 affinxerunt,
467 3071 687 3144 quamquam
708 3042 886 3115 elementa
909 3039 1074 3138 (ςοιχετα)
1094 3038 1148 3109 his

89 3173 146 3220 non
180 3154 290 3250 magis
312 3154 457 3228 nomine
496 3163 667 3248 usurpata
694 3174 804 3246 quam
833 3147 1033 3242 cognitione
1067 3170 1149 3242 per·

27 3259 28 3342 l
89 3271 190 3351 specta
214 3272 340 3332 essent.
352 3258 424 3351 Qui
440 3258 546 3356 primi
560 3257 701 3354 physica
718 3265 915 3326 tractarunt
927 3275 1149 3349 quamquam

27 3409 29 3452 ,
90 3363 250 3436 nonnulla
282 3363 449 3436 subtilius
487 3375 524 3434 et
551 3362 687 3434 doctius
707 3359 953 3457 explicarent,
980 3357 1146 3428 universe

90 3479 195 3544 amen
222 3473 360 3570 poetico
385 3471 502 3544 studio
525 3469 657 3544 imbuti
681 3481 718 3542 et
744 3467 881 3565 poetico
903 3463 1019 3536 colore
1044 3461 1147 3536 tincti

91 3591 179 3648 nant
195 3607 203 3650 :
222 3579 403 3652 vaticinari
417 3579 534 3676 potius
556 3577 600 3650 de
620 3587 872 3649 rerumnatura
897 3595 1007 3670 quam
1033 3563 1147 3666 philo·

90 3684 215 3778 sophari
233 3685 457 3760 ridebantur.
470 3683 684 3780 Hujusmodi
697 3683 786 3759 ratio
802 3704 885 3752 cum
902 3676 1053 3756 aliorum
1067 3687 1147 3748 tum

91 3795 281 3886 praesertim
316 3793 542 3893 Xenophanis
574 3793 682 3865 fuisse
717 3787 884 3894 videtur,
914 3809 1008 3883 quae
1046 3779 1148 3856 facile

127 4037 186 4123 (16)
207 4039 331 4122 Metaph.
349 4041 383 4116 I,
404 4043 433 4101 3.
451 4061 480 4122 p.
503 4037 582 4118 646,
605 4040 646 4112 Α,
666 4035 699 4095 Β.
719 4076 723 4085 ·
