2966 4824
561 433 801 483 rumosorma.
1159 426 1221 490 157

141 609 253 707 igitur
283 599 505 678 Parmenidis
538 603 627 675 ratio
659 602 843 675 communi
874 615 947 674 tam
981 602 1080 704 vulgi
1112 631 1222 706 quarn

141 727 328 802 doctorum
357 723 552 798 sententiae
579 737 656 799 erat
678 723 845 822 opposita.
896 722 943 796 Hi
964 724 1052 798 ferri
1079 727 1222 818 omnia,

142 863 180 924 et
211 849 425 924 universum
458 845 587 944 Euripi
620 845 732 920 instar
761 857 936 944 perpetuo
968 845 1074 923 fluxu
1098 847 1223 950 agitari
1306 907 1311 918 .

141 967 353 1061 censebant,
373 979 418 1040 ut
437 965 532 1042 nihil·
548 965 670 1042 stabile
691 980 865 1040 essetnec
885 981 980 1042 certo
996 983 1112 1068 posset
1129 997 1222 1048 oom-

140 1088 340 1190 prehendi,
362 1087 459 1189 quod
480 1087 650 1186 placitum
672 1103 792 1188 postea
812 1117 833 1162 a
854 1089 1043 1191 Protagora
1068 1093 1224 1168 maxime

142 1209 362 1286 celebratum
381 1225 448 1304 est3
469 1209 526 1284 ille
545 1223 668 1286 contra
685 1211 824 1311 arguit,
845 1211 874 1284 si
892 1225 1051 1284 constare
1068 1225 1133 1286 aut
1150 1237 1223 1288 esse

143 1343 319 1431 negetur,
339 1355 484 1406 omnem
509 1332 656 1404 omuino
676 1330 859 1406 mundum
877 1331 974 1426 tolli,
995 1331 1108 1428 nihil,
1127 1333 1225 1436 quod

142 1451 213 1526 dici
234 1453 423 1554 cogitarive
444 1455 566 1552 possit,
590 1477 775 1528 remanere
795 1456 851 1527 ³⁸.
979 1527 982 1534 ⁴

653 1773 729 1853 se.

192 2063 414 2142 Parmenidis
448 2077 571 2140 autern
608 2063 869 2162 argumentatio
906 2065 1016 2165 magis
1050 2061 1229 2169 ἒλεγκτικῂ

142 2215 256 2290 quam
278 2187 430 2278 πειστικὴ
454 2183 621 2278 videtur,
644 2184 689 2258 ad
708 2184 948 2260 refellendum
969 2213 1081 2287 quam
1102 2188 1147 2262 ad
1166 2187 1226 2263 do·

50 2387 51 2390 ,
143 2308 301 2384 cendum
330 2307 630 2384 accommodatior.
682 2309 859 2400 Quamvis
894 2309 993 2383 enim
1026 2325 1153 2408 urgeat
1190 2325 1228 2385 et

143 2432 252 2506 fateri
265 2445 388 2533 cogat,
413 2443 496 2504 ente
518 2425 675 2521 sublato,
700 2427 790 2500 nihil
811 2431 987 2529 relinqui3
1007 2455 1081 2504 non
1106 2445 1228 2508 tamen

143 2551 349 2646 dedecebit,
377 2551 572 2652 quominus
595 2549 763 2641 fluere,
788 2549 890 2645 labi,
913 2551 1086 2628 variari
1108 2555 1228 2628 omnia

142 2687 271 2773 putes,
294 2697 416 2772 neque
438 2669 585 2764 efficiet,
611 2684 654 2746 ut
680 2671 800 2746 solum
825 2697 920 2747 esse
947 2699 1078 2750 verum
1102 2675 1228 2749 existi-

143 2821 232 2870 mes.
272 2789 458 2868 'videlicet
479 2791 693 2872 adversarios
711 2793 929 2895 redarguens
943 2797 1018 2896 ipse
1040 2799 1079 2870 in
1096 2811 1229 2872 coutra-

144 2919 243 2992 rlum
263 2914 389 2990 incidit
408 2941 587 3008 errorem,
607 2941 681 3017 quo
703 2941 848 2990 necesse
867 2919 929 3010 sit,
944 2931 989 2992 ut
1004 2920 1122 2993 omnia
1144 2919 1227 3014 ista,

144 3037 273 3133 fieri,
300 3063 519 3130 crescere,
545 3035 655 3130 labi,
682 3039 875 3112 interire
898 3037 1005 3137 plane
1028 3039 1228 3130 tollantur,
1306 3105 1309 3118 .
1434 3086 1436 3093 s

146 3161 193 3236 ad
216 3185 338 3235 unum
365 3183 455 3234 esse
476 3171 604 3232 cuncta
626 3157 858 3233 reducantur.
894 3161 1021 3261 Itaque
1041 3185 1063 3234 e
1084 3161 1228 3234 Parme-

145 3281 242 3356 nidis
266 3281 578 3382 argumentatione
606 3293 735 3354 natum
757 3295 819 3374 ‚est
846 3279 1018 3381 placitum
1045 3279 1156 3376 illud,
1183 3283 1228 3358 ἓν

145 3405 193 3480 rt
214 3407 273 3497 dv,
292 3403 404 3480 ἓντὶι
423 3399 586 3496 πάντα,
601 3427 745 3477 unum
764 3427 881 3496 esse,
901 3428 1041 3478 unum
1064 3405 1229 3502 omnia3

144 3525 244 3628 quod
280 3526 325 3600 ab
359 3524 615 3626 antiquissimis
644 3524 729 3598 inde
755 3523 975 3617 auctoribus,
1005 3513 1229 3622 Democrito,

143 3647 313 3742 Plutone,
343 3645 549 3741 Aristotele,
581 3671 647 3746 per
666 3671 790 3722 omnes
811 3645 978 3748 deinceps
1000 3647 1230 3748 philosopho-

144 3795 231 3843 rum
265 3767 399 3844 seholas
427 3758 602 3870 tanquam
635 3794 777 3844 summa
813 3768 991 3844 Eleaticae
1023 3767 1227 3869 disciplinae

144 3889 392 3986 decantatum,
412 3903 622 3992 tantamque
647 3903 795 3964 nactum
820 3904 874 3965 est
897 3890 1158 3984 celebritatem,
1184 3903 1229 3964 ut

144 4013 185 4087 in
207 4011 292 4113 ipsis
322 4013 510 4091 rhetorum
538 4009 666 4089 scholis
682 4013 841 4112 quaestio
860 4013 957 4090 haec·
970 4011 1016 4088 ad
1031 4011 1230 4113 disceptan-

179 4165 238 4235 l³⁸l
270 4165 445 4221 utrumn.
463 4161 569 4219 Theaet
588 4183 614 4234 p.
635 4163 738 4229 15th
762 4163 807 4230 157
826 4167 872 4218 ln.
