2924 4820
527 371 741 416 runosorrua.
1115 355 1177 422 179

25 515 26 570 l
117 529 182 618 λέγει
210 531 351 620 αύρῆσθαι
380 531 462 594 τύπον
496 527 599 613 ἰχθύος
631 531 680 592 καὶ
710 539 831 620 φωνῶν,
857 531 886 594 ἐν
918 525 949 594 δύ
974 529 1069 620 Πάρῳ
1095 531 1178 596 τύπον

25 669 27 720 g
115 637 191 728 ἁρύης
215 637 242 700 ἐν
271 631 314 724 τῷ
334 631 434 716 βαθεῖ
455 641 500 698 τού
524 633 629 720 mou,
655 638 685 700 ἐν
710 631 741 700 δὲ
768 633 888 723 Μελίτῳ
910 632 1026 708 πλάκας
1049 641 1178 722 συμπάν-

25 721 27 750 Ι
114 766 162 808 των
184 740 374 806 ammana·
403 748 494 805 ταῦτα
524 737 557 806 δέ
584 765 650 832 φησι
678 743 842 829 γενέσθαι,
868 735 915 808 ὅτε
944 747 1041 806 πάντα
1065 741 1178 819 ε’πηλώ-
1212 779 1215 784 ·

113 851 201 925 θησαν
222 847 342 930 πάλαι,
364 850 410 913 τὸν
430 843 461 912 δὲ
484 849 568 914 τύπον
594 843 684 938 ε’ντῴ
706 846 791 938 τήλῳ
816 847 1012 938 ξηρανθῆναι·
1036 854 1182 940 ἀναιρεῖσ-

113 959 161 1022 θαι
189 953 220 1022 δὲ
242 957 303 1030 τούς
332 957 500 1046 ἀνθρώπως
526 961 659 1038 πάντας,
684 951 753 1022 ’όταν
784 963 802 1032 ἡ
834 969 871 1045 γῆ
896 957 1115 1042 κατενεχθεῖσα
1141 962 1181 1031 εἰς
1208 951 1210 955 ’

114 1070 158 1142 τὴν
181 1063 341 1128 θάλασσαν
364 1061 452 1139 πηλὸς
473 1068 616 1153 γένηται,
643 1055 705 1126 εἶτα
731 1061 817 1129 πάλιν
845 1057 1002 1154 ἄρχεσθαι
1030 1075 1079 1140 τῆς
1104 1067 1182 1152 γενέ·

113 1191 191 1242 canc·
232 1171 283 1234 καὶ
317 1177 393 1234 τοῦτο
435 1181 506 1234 ποῖοι
542 1183 597 1243 τοῖς
637 1172 751 1256 κόσμοις
792 1170 928 1257 γίνεσθαι
966 1165 1180 1254 μεταβάλλειν.

117 1271 263 1342 «Censet
278 1268 447 1342 tellurem
461 1269 612 1358 humore
624 1268 813 1367 paullatim
827 1267 926 1359 solvi,
937 1268 1020 1340 talia
1032 1268 1183 1342 afferens

113 1375 254 1466 indicia,
277 1376 375 1474 quod
397 1377 436 1448 in
452 1389 567 1450 terrae
589 1374 781 1449 visceribus
804 1375 1060 1475 montibusque
1080 1401 1182 1475 repe-

113 1483 244 1554 riantur
273 1481 456 1574 conchae3
489 1495 526 1556 et
554 1483 734 1582 Syracusis
765 1483 805 1554 in
833 1480 1033 1580 lapidicinis
1061 1494 1183 1554 narrat

114 1600 245 1686 reperta
278 1613 352 1661 esse
382 1589 484 1686 piscis
518 1601 554 1660 et
586 1588 784 1686 phocarum
815 1589 988 1686 vestigia,
1017 1590 1057 1660 in
1091 1587 1184 1660 Paro

114 1693 241 1793 aphyae
264 1695 415 1767 formam
434 1696 474 1766 in
496 1695 676 1793 profundo
696 1720 779 1766 saxo
801 1696 1030 1793 impressam3
1048 1696 1087 1766 in
1106 1695 1183 1768 Me-

112 1798 166 1872 lite
182 1801 348 1874 omnium
373 1802 597 1874 marinorum
619 1793 795 1899 generum
813 1814 948 1874 crustas
966 1830 974 1874 :
995 1802 1083 1874 lraec
1099 1827 1184 1901 ergo
1248 1841 1251 1848 >

25 1971 26 1974 ,
112 1905 286 2004 quondam
314 1906 405 1978 facta
422 1913 511 2004 ¹esse
545 1931 663 2004 quum
691 1908 809 1978 omnia
837 1909 877 1977 in
907 1907 1039 1980 limum
1067 1920 1184 1980 essent

111 2037 292 2104 conversa,
319 2011 450 2084 deinde
476 2012 620 2108 vestigia
644 2012 683 2082 in
709 2011 788 2084 luto
811 2011 980 2084 indurata
1008 2036 1093 2084 esse.
1116 2013 1184 2083 Di-

25 2137 26 2220 }
111 2121 152 2190 cit
172 2143 321 2218 quoque
347 2117 509 2190 homines
535 2143 658 2190 ornnes
683 2121 822 2214 perire,
850 2143 968 2217 quum
992 2116 1101 2206 tellus
1117 2118 1184 2192 de-

25 2241 26 2256 *
111 2249 217 2297 mersa
247 2227 285 2304 in
311 2221 435 2297 lutum
456 2235 643 2315 vertatur,
670 2223 802 2296 deinde
826 2249 911 2296 vero
942 2227 1077 2297 renasci
1105 2251 1186 2296 om·

111 2333 185 2425 nia,
221 2345 259 2406 et
282 2333 349 2404 hac
385 2331 629 2420 vicissitudine
659 2332 814 2404 mundos
842 2357 965 2404 omnes
993 2335 1183 2405 mutari.»

111 2439 199 2512 llaec
213 2437 411 2536 Origenes,
435 2441 541 2533 cujus
567 2438 816 2510 testimonium
841 2440 1005 2509 firmatur
1028 2441 1186 2510 auctori-

111 2557 176 2620 tate
201 2544 410 2636 Plutarchi,
438 2545 504 2643 qui
533 2545 630 2618 idem
662 2543 836 2641 placitum
866 2545 981 2643 tangit
1008 2545 1048 2616 in
1081 2547 1186 2616 Stro-

111 2653 209 2724 matis
233 2651 354 2725 dicens
368 2663 392 2701 ⁹²
419 2679 427 2724 :
450 2661 632 2750 ἀττοραιύεται
657 2653 688 2723 δὲ
710 2659 761 2722 καὶ
779 2653 822 2747 τῷ
838 2661 936 2748 χρόνῳ
954 2660 1185 2750 καταφερομένην

111 2770 156 2843 τὴν
178 2776 233 2855 γῆν
263 2769 302 2839 εἰς
326 2769 377 2842 τὴν
401 2763 561 2830 θάλασσαν
583 2780 700 2856 χωρεῖν.
736 2759 883 2832 «Docet
908 2771 1042 2833 terram
1069 2760 1187 2832 conti-

111 2879 237 2938 nenter
249 2877 286 2939 et
302 2863 489 2963 paullatim
507 2867 730 2940 desidentem
748 2864 941 2963 aliquando
957 2865 1185 2938 submersum

111 2971 160 3042 iri.
174 3003 193 3040 ν
224 2972 279 3042 Ita
304 2995 387 3070 ergo
411 2971 648 3070 Xenophanes
674 2971 868 3046 levioribus
895 2972 1034 3046 indiciis
1054 2971 1187 3044 ductus
1261 3057 1263 3062 Ι

112 3077 232 3151 eadem
253 3079 329 3172 jam
353 3077 399 3150 de
425 3089 541 3151 terrae
566 3092 648 3154 ortu
670 3090 924 3177 praeceperat,
949 3102 1043 3176 quae
1062 3101 1186 3151 recen-

112 3185 231 3278 tiores,
251 3195 367 3258 terrae
391 3185 522 3261 viscera
545 3185 652 3258 altius
669 3185 897 3284 perscrutati,
916 3185 1116 3274 certissimis
1136 3187 1187 3255 si-

111 3294 184 3389 gnis
209 3294 479 3366 confirmarunt.
502 3292 571 3364 Sed
600 3291 662 3366 ille
689 3292 787 3392 quod
810 3293 849 3364 in
871 3292 1068 3376 terrafieri
1090 3290 1186 3365 vide-

113 3401 193 3492 bat,
215 3401 313 3474 idem
335 3401 380 3472 ad
404 3401 514 3473 totius
538 3401 667 3474 mundi
688 3413 856 3474 naturam
877 3398 1030 3494 ¹retulit3
1062 3399 1186 3471 eadem

112 3510 197 3582 ratio
229 3507 384 3582 aliorum
419 3520 585 3582 veterum
614 3509 707 3600 fuit,
735 3533 846 3607 quam
876 3508 991 3604 tangit
1013 3506 1186 3578 Aristote-

112 3611 180 3708 les,
207 3618 315 3711 cujus
342 3614 449 3690 verba
473 3614 541 3688 hoc
564 3613 737 3712 placitum
765 3613 904 3712 egregia
931 3611 1113 3686 illustrant
1130 3612 1183 3684 ⁹³:

148 3861 211 3944 (92)
233 3859 317 3944 llputl
334 3861 485 3922 Eusebium
503 3863 600 3943 Praep.
621 3861 672 3920 Eu.
698 3859 711 3918 l
722 3904 732 3932 ,
753 3859 782 3920 8.
804 3881 831 3940 p.
852 3861 899 3920 23.

151 3975 213 4056 493)
234 3975 493 4036 Ατίεῑοῑ..Μεῑεοτ.
516 3975 549 4049 l,
577 3972 623 4052 ι4.
650 3996 679 4055 p.
707 3971 768 4052 424
793 3973 829 4032 H.
851 3975 874 4034 ai
900 3970 951 4050 pir
971 3967 1012 4032 ούν
1035 3971 1183 4046 βλέποντος

115 4062 154 4122 iai
174 4061 265 4146 μιαρύο
285 4063 375 4128 ultim
397 4065 495 4126 ούοοταο
514 4076 563 4126 οοῖν
580 4062 703 4126 τοιούτοιν
723 4063 900 4141 wat-inpetitus
921 4061 968 4132 rili
988 4074 1036 4124 τού
1053 4058 1113 4128 iasa
1135 4091 1186 4140 μο-

982 4153 1035 4226 13.
