2870 4824
213 415 245 458 tv

111 587 116 602 ·
209 583 331 645 menta
353 570 621 647 labefactassent
644 585 682 647 et
706 571 884 672 religionis
911 571 1130 672 virtutisque
1156 574 1292 648 semina
1354 605 1357 610 ¹

209 701 382 778 divinitus
411 704 451 776 in
482 687 609 779 animis
636 729 755 804 sparsa
787 703 1045 778 exstinxissent.
1074 702 1164 798 Quis
1193 705 1292 778 enim

208 833 342 927 nescit,
368 859 480 934 quam
504 833 613 908 multi
634 859 761 908 eorum
780 833 917 910 luerint
932 833 1039 926 ἄθεοι,
1056 831 1101 906 ab
1127 834 1211 933 ipsis
1230 861 1292 910 ve·

207 962 346 1038 teribus
369 964 516 1064 suisque
537 965 676 1042 civibus
687 962 879 1039 damnati'l
901 964 1001 1060 Quid
1024 963 1140 1066 ergol
1163 966 1291 1062 Eosne,

205 1119 296 1193 quos
317 1075 372 1168 illi
398 1121 417 1168 e
443 1097 646 1174 civitatibus
670 1098 744 1170 suis
766 1096 937 1171 arcendos
958 1108 1204 1190 censuerunt,
1229 1087 1313 1171 nos¹

206 1225 493 1325 amplectemur,
514 1253 716 1328 eorumque
737 1226 964 1328 disciplinam
978 1229 1054 1324 jam
1066 1227 1211 1302 dudum
1229 1229 1291 1302 oh-

132 1378 135 1384 ·
206 1356 354 1433 soletum
381 1385 555 1441 renovare
580 1363 681 1437 etin
707 1361 951 1463 philosophiae
979 1360 1099 1436 lucem
1127 1363 1291 1461 proferre

205 1489 462 1606 studebimus?
1148 1490 1154 1506 '

254 1783 474 1883 Hujusmodi
492 1813 576 1888 ergo
596 1789 726 1864 caussis
742 1787 893 1890 aliisque
913 1789 1050 1864 lactum
1073 1801 1149 1881 est,
1169 1799 1213 1862 ut
1229 1813 1289 1864 ve-

203 1929 263 1992 tus
286 1917 508 2020 philosophia
532 1919 658 1994 multis
685 1919 772 1994 olim
785 1921 933 2018 invisa,
959 1948 979 1995 a
1004 1920 1173 2020 pluribus
1196 1921 1289 1995 cou-

202 2060 316 2124 temta
340 2062 406 2125 aut
432 2063 530 2125 certe
551 2077 682 2150 parum
702 2051 859 2124 studiose
879 2061 1027 2125 tractata
1049 2051 1105 2122 sit.
1126 2049 1288 2150 longum
1321 2069 1325 2076 '

201 2177 295 2253 foret
314 2192 352 2254 et
376 2179 423 2253 ah
447 2181 515 2254 hac
535 2181 777 2280 disputatione
796 2179 959 2255 alienum
976 2180 1021 2255 ad
1044 2180 1132 2254 haec
1147 2179 1288 2281 singula

202 2310 429 2411 respondere.
456 2313 506 2385 At
535 2325 656 2386 tamen
679 2313 761 2412 quis
785 2338 860 2386 non
886 2313 1007 2406 videt,
1034 2313 1197 2412 quamvis
1222 2339 1288 2386 ex-

202 2444 362 2520 tollenda
387 2447 433 2519 sit
455 2427 585 2522 merito
612 2447 809 2522 Socraticae
835 2445 1079 2546 philosophiae
1103 2457 1288 2544 praestan-

201 2581 275 2668 tia,
302 2591 339 2654 et
364 2581 528 2678 quamvis
555 2605 684 2654 eorum
706 2580 771 2678 qui
801 2591 906 2653 antea
939 2578 1154 2689 exstitissent
1180 2577 1289 2652 multi

202 2707 341 2782 fuerint
364 2735 502 2783 errores
525 2722 564 2783 et
577 2709 759 2810 ineptiae,
784 2737 856 2784 non
881 2709 962 2785 ideo
987 2721 1111 2784 tamen
1128 2719 1193 2782 aut
1207 2721 1288 2784 stu-

205 2835 311 2915 dium
331 2841 498 2942 'illorum
524 2845 808 2944 vituperandum
835 2857 901 2919 aut
926 2842 1187 2945 philosophiam
1225 2868 1288 2916 ne-

107 3001 118 3015 ·
202 2969 406 3072 gligendam
434 3001 530 3068 esse,
556 2999 651 3074 quae
672 2976 740 3050 nisi
765 2974 810 3049 ah
835 2974 974 3076 exiguis
1000 2975 1111 3048 initiis
1128 2973 1286 3073 profecta

201 3105 380 3205 variisque
405 3105 722 3208 disceptationibus
749 3109 877 3209 agitata
906 3109 1053 3202 fuisset,
1081 3113 1286 3206 numquam

202 3231 282 3308 talis
310 3236 503 3331 exsistere,
529 3239 645 3339 qualis
669 3241 708 3312 iu
736 3239 885 3316 Platone
909 3253 947 3315 et
972 3237 1161 3314 Aristotele
1189 3239 1285 3331 fuit,

200 3366 383 3464 potuisset.

250 3687 430 3764 Nimirum
457 3688 601 3764 difficile
626 3703 664 3766 et
687 3691 842 3766 arduum
869 3690 941 3766 fuit
963 3693 1033 3768 iter
1059 3691 1104 3766 ad
1124 3687 1282 3791 philoso-

202 3823 326 3922 phiam
340 3852 349 3897 ι
364 3851 438 3898 non
453 3827 568 3920 enim,
589 3839 633 3901 ut
656 3838 796 3901 ceterae
820 3837 930 3920 artes,
944 3825 1002 3904 vel
1017 3827 1056 3898 in
1071 3849 1196 3898 rerum
1212 3849 1284 3898 usu

202 3969 239 4028 et
264 3955 453 4030 oculorum
476 3957 647 4057 adspectu
664 3959 775 4058 posita
793 3957 851 4035 vel
864 3957 987 4036 divino
1003 3955 1160 4056 quodam
1182 3981 1283 4030 men·

200 4085 244 4159 tis
256 4087 430 4165 instinctu
445 4091 596 4167 excitata
615 4103 678 4184 est,
703 4091 765 4166 sed
789 4101 956 4167 remotaa
976 4089 1165 4166 communi
1177 4113 1283 4164 sensu
