2870 4824
516 325 694 402 nunnus,

576 530 634 598 Vl.

123 709 368 814 Superioribus
398 711 487 788 baec
507 713 677 815 deinceps
699 713 798 816 apud
824 712 1048 791 Clementem
1068 711 1093 787 l.
1118 713 1143 788 l.

87 819 310 916 subjiciuntur
342 827 419 894 :ml
438 825 525 894 πάλιν
544 822 639 924 (φησί
651 823 678 924 )·

161 975 238 1052 ἰλλλ
263 989 330 1053 εἴτσι
355 977 504 1079 χεῖράςγ
532 979 610 1076 εἶχον
634 985 756 1071 βᾶς’
725 1013 758 1065 ηε
783 987 915 1074 λέοντες,

168 1119 186 1169 η
204 1092 318 1184 γράψαι
339 1099 469 1186 χείρεσσι
483 1096 534 1160 καί
547 1091 626 1188 ἔργα
641 1089 777 1160 seireff
755 1117 832 1187 ειπερ
856 1091 982 1188 ἄνδρες,

159 1199 234 1264 botos
257 1189 405 1286 μένθὟ
393 1223 521 1285 ιππσισι,
551 1197 621 1283 βίτς
642 1197 674 1266 δέ
695 1224 727 1265 τε
753 1199 849 1317 βωσίν
874 1206 987 1290 ὁμοῖοι,

160 1309 214 1368 καί
232 1327 269 1368 κε
297 1305 376 1370 θεῶν
400 1301 514 1380 totae*
498 1329 621 1400 εγραρσν
644 1306 696 1371 καί
716 1296 828 1395 σώματ
851 1307 953 1372 ἐποίσει

160 1401 280 1495 τοιαῦθ’,
306 1409 361 1478 οἶόν
388 1435 445 1505 περ
467 1439 517 1480 και
535 1415 613 1480 arisel
639 1405 789 1504 &luae
756 1437 833 1503 ειχσν
848 1437 947 1502 operm.

87 1592 125 1665 lta
141 1591 200 1666 bos
223 1619 352 1670 versus
372 1621 459 1670 eum
478 1593 598 1693 aliqua
610 1593 772 1669 lectionis
786 1596 956 1696 varietate
972 1595 1146 1672 exhibent

86 1697 247 1820 Clemens,
269 1701 450 1776 Eusebius
472 1713 510 1776 et
521 1687 769 1779 Theodoretus
753 1747 791 1796 ,
814 1727 934 1808 quos
930 1691 1035 1776 modo
1060 1704 1146 1777 cita-

87 1807 202 1900 rimus3
225 1820 353 1882 tamen
378 1809 576 1908 graviorem
603 1808 762 1913 aliquam
784 1797 934 1883 subesse
951 1810 1144 1938 mendam,

86 1911 140 2010 ipsa
159 1914 296 1988 indicat
316 1917 530 1990 sententia:
557 1941 642 1988 nam
663 1941 712 1990 vs.
736 1913 806 1986 3.ί
794 1945 868 1986 rnna
891 1923 1018 2008 μέν-
969 1917 1148 1988 -inter-

85 2021 198 2118 rumpit
223 2021 396 2094 oratinnis
423 2019 610 2113 ordinem,
640 2032 684 2094 ut
708 2022 785 2116 jam
807 2019 972 2094 Potterus
997 2012 1055 2094 ad
1069 2020 1148 2096 Cle-

86 2139 221 2202 mentem
239 2115 516 2218 animadvertit,
542 2139 580 2201 et
599 2074 814 2204 llervetus
804 2153 844 2200 ιιι
857 2125 967 2200 latina
984 2129 1148 2203 versione

87 2231 154 2307 haec
167 2234 278 2312 verba
297 2235 426 2308 omisit.
443 2235 587 2334 Neque,
607 2235 745 2309 etiamsi
756 2261 842 2308 cum
858 2235 1076 2309 Theodoreto
1095 2234 1146 2310 le-

86 2343 320 2438 gamuslporac,
341 2343 430 2416 haec
445 2339 634 2416 difficultas
658 2342 800 2416 tollitur
826 2369 834 2415 :
860 2343 1047 2436 nonenim
1064 2345 1147 2416 satis

86 2461 160 2524 recte
186 2449 357 2524 cohaeret
387 2450 447 2524 hic
476 2475 600 2526 versus
627 2475 714 2524 cum
740 2451 917 2548 sequenti.
945 2451 990 2522 In
1016 2447 1147 2523 ultimo

85 2577 170 2628 rersu
190 2555 343 2630 offendit
362 2581 430 2632 vox
443 2556 550 2650 ίίρσισν,
568 2581 662 2655 quae
687 2581 762 2628 non
781 2556 886 2630 modo
903 2553 1068 2655 languet,
1084 2553 1147 2630 sed

86 2661 171 2734 etiam
181 2662 336 2762 impedit
347 2661 544 2737 verborum
556 2661 872 2737 constructionem.
891 2663 1005 2741 Parva
1024 2685 1146 2736 emen·

86 2766 204 2844 datione
227 2795 353 2849 versus
376 2772 427 2843 ita
449 2769 693 2870 interpolandi
717 2769 918 2848 videntur:
1070 2763 1079 2792 ’

158 2931 239 3008 ’All'
271 2945 335 3010 ε’ίτσι
361 2957 466 3036 χεῖρας
484 2931 511 3033 γ’
533 2933 609 3030 εἶχον
630 2939 698 3025 βόες
714 2941 748 3016 ἠὲ
774 2940 909 3027 λέοντες,

160 3041 179 3126 ἢ
203 3050 318 3141 γράψαι
341 3054 470 3142 χείρεσσι
497 3051 549 3114 καί
568 3045 645 3141 ἔργα
671 3047 766 3114 τελεῖν
793 3043 871 3140 ἅπερ
895 3042 1021 3141 ἄνδρες,

161 3181 209 3221 και
225 3179 260 3220 κε
286 3157 365 3222 θεῶν
389 3153 467 3231 ἰδέας
483 3149 607 3251 ἔγραφον
630 3157 680 3222 καὶ
703 3145 814 3243 σώματ’
835 3158 938 3223 ἐτείων

161 3255 299 3352 τοιαῦθ’,
323 3261 378 3332 ollv
401 3264 532 3356 περκαὶ
557 3261 634 3330 αὐτοὶ
654 3260 745 3352 δέρας
769 3254 845 3351 εἶχεν
866 3257 997 3345 isacar,

161 3373 238 3439 ἵπποι
256 3375 309 3460 μέν
337 3361 367 3436 θ’
391 3375 524 3460 ἵπποισι,
547 3369 615 3456 βόες
631 3369 663 3438 δέ
688 3395 719 3438 τε
745 3367 841 3454 {iaicis
866 3376 965 3460 ὁμοῖον.

89 3643 126 3708 ll·
143 3651 169 3715 Si
185 3677 255 3718 vero
273 3677 372 3719 manus
391 3657 528 3720 baberent
547 3659 634 3722 bores
651 3661 696 3724 vel
713 3661 821 3736 leones,
935 3673 942 3686 ⁸

141 3757 185 3805 aut
200 3748 317 3828 pingere
331 3748 459 3810 manibus
474 3762 503 3810 et
517 3749 651 3812 fabricari
669 3748 767 3811 eadem
784 3769 854 3830 quae
871 3747 998 3810 homines
1015 3759 1145 3830 possent,

140 3835 190 3916 ipsi
208 3857 318 3917 quoque
336 3839 461 3900 Deorum
478 3839 582 3900 formas
601 3841 752 3924 pingerent
771 3840 931 3921 figurasque
950 3839 1104 3902 formarent

144 3925 228 4002 tales,
250 3927 325 4008 quali
344 3930 469 4012 ipsorum
489 3932 604 4011 quisque
625 3929 768 4014 praeditus
788 3931 845 4004 sit,

144 4017 203 4095 eqni
223 4019 320 4099 equis,
340 4019 426 4084 bores
445 4031 538 4082 antem
558 4019 647 4084 bobus
667 4019 781 4082 similes.
