3000 4844
273 317 316 378 72
673 324 951 376 consannrsnsus

271 496 383 581 plicem
405 499 503 559 eutis
519 497 685 574 notionem,
706 504 739 564 et
757 499 790 562 tv
809 499 880 562 adet
901 493 961 562 καθ’
981 499 1064 570 atat,
1086 492 1194 574 inquo
1211 490 1346 552 nihilest

272 603 456 688 multiplex,
476 603 563 666 nulla
583 602 711 685 subjecti
730 614 761 664 et
779 602 943 685 praedicati
956 600 1117 662 diversitas.
1132 597 1171 658 cI.
1185 597 1224 658 ad
1236 619 1279 658 rs.
1293 595 1345 658 60.

273 709 378 772 Iotam
407 709 489 770 hanc
518 707 755 792 propositionem
783 727 826 770 vs.
855 705 894 766 71
925 705 1019 766 tribus
1045 703 1141 766 verbis
1170 701 1345 764 concludit:

273 819 352 883 larsa
371 820 387 888 i
407 820 457 882 οὐκ
475 819 561 884 lesse.

317 922 378 982 Vss.
401 921 509 982 35-37.
552 925 568 994 ἦ
595 933 648 998 μὴ
676 954 718 968 --
744 925 760 992 t
788 923 830 985 le.
872 917 1043 1001 Simplicius
1062 920 1129 996 ipre
1148 949 1190 961 -
1207 919 1267 989 iles
1294 915 1345 977 sed
1392 901 1397 907 ’

274 1027 421 1090 articulus
437 1037 590 1110 praestat,
612 1026 665 1110 qui
685 1024 831 1088 referatur
850 1024 889 1086 ad
909 1023 1091 1108 praecedens
1102 1027 1168 1092 list·
1209 1023 1298 1084 Error
1310 1023 1349 1085 Ia·

276 1133 334 1194 cile
363 1153 401 1194 ex
422 1153 457 1193 eo
478 1141 567 1192 natus
586 1129 670 1214 quod
690 1131 862 1215 Simplicius
882 1129 1091 1192 antecedentes
1110 1151 1211 1191 versus
1229 1129 1348 1205 omisit,
1481 1151 1482 1154 ¹

274 1259 375 1321 neque
396 1236 472 1298 adeo
494 1247 557 1298 erat
575 1257 638 1318 quo
659 1236 803 1301 articulus
822 1235 992 1298 referretur.
1083 1255 1124 1297 vs.
1144 1235 1200 1310 37,
1221 1239 1272 1302 ais
1284 1239 1347 1304 ires

274 1369 318 1408 rs
341 1351 406 1419 ecl,
425 1341 549 1404 Proclus
569 1369 611 1422 γε
632 1349 690 1410 set.
709 1377 751 1389 --
770 1363 814 1404 rs.
837 1341 887 1404 36.
907 1349 1015 1416 πειθοῦς
1030 1347 1168 1416 mmor.
1212 1341 1242 1400 V
1239 1345 1271 1400 Iu
1291 1363 1347 1424 pro

274 1450 392 1511 ratione
419 1447 466 1509 vel
497 1446 700 1529 disputatione
730 1447 836 1508 usitate
864 1446 975 1508 dicitnr
1007 1457 1068 1506 tam
1098 1447 1132 1506 in
1152 1447 1234 1529 poesi
1255 1467 1347 1529 quam

273 1553 307 1614 iu
327 1553 425 1614 soluta
445 1553 591 1614 oratione.
612 1552 754 1613 Similiter
774 1573 847 1614 mox
861 1561 1032 1622 munstre
1045 1557 1180 1634 ἀτιμώ.
1196 1551 1348 1614 etrs.72=

274 1663 306 1723 ol
333 1667 390 1740 γὶρ
410 1663 700 1736 tarnuanense.
742 1659 938 1741 Empedocles
958 1681 1002 1722 rs.
1021 1659 1079 1720 3³:
1112 1665 1206 1740 λόγων
1223 1663 1350 1740 haema

273 1773 347 1844 ptos.
389 1765 481 1826 linus
501 1765 584 1846 opud
605 1763 767 1826 Stobaeum
787 1764 889 1826 tlorit
911 1767 955 1842 V,
980 1765 1031 1827 22.
1052 1763 1143 1828 Gaisl.

398 1877 485 1951 μόθων
503 1877 641 1953 imissa
659 1879 785 1952 trram
807 1878 994 1953 usstassais
1015 1877 1113 1948 Stati.

274 1977 368 2062 Orph.
401 1975 508 2059 fragm.
537 1979 586 2050 11,
612 1999 656 2038 rs.
678 1975 707 2038 8.
730 1977 857 2061 (Herm.)
875 1977 925 2039 cit.
945 1978 1080 2040 Brandis.
1102 1977 1145 2040 ct.
1165 1979 1289 2042 Gener.
1308 1977 1351 2040 ad

271 2085 388 2166 Argon.
409 2105 451 2145 rs.
472 2083 582 2146 :tt-³5.
623 2083 769 2144 lleusdius
790 2083 829 2144 ad
849 2082 968 2144 Platon.
988 2083 1107 2146 Politia.
1127 2105 1160 2168 p.
1181 2083 1243 2146 258
1262 2085 1301 2161 B,
1316 2083 1349 2144 in

274 2192 404 2275 specim.
435 2191 554 2252 Platon.
586 2212 618 2273 p.
652 2189 720 2251 130.
743 2212 788 2274 sq.
830 2223 872 2236 -
899 2199 981 2260 ossis
1010 2191 1097 2276 quasi
1121 2211 1252 2274 persona
1281 2189 1350 2250 satis

273 2297 425 2380 frequens.
447 2297 515 2358 vid.
527 2296 671 2382 Aeschyl.
685 2296 793 2359 Niobes
813 2297 850 2358 Ir.
871 2299 904 2360 iu
920 2299 993 2360 Stob
1014 2298 1116 2360 Floril.
1129 2299 1160 2359 t.
1173 2297 1307 2374 CXVIII,
1321 2297 1351 2360 l.

272 2401 410 2484 Euripid.
425 2401 528 2485 Antig.
545 2402 684 2464 ornatius
702 2402 898 2486 Empedocles
917 2425 959 2465 vs.
977 2404 1053 2466 304:
1074 2415 1182 2482 Μυοῦς
1198 2407 1349 2486 &pegia-64

313 2509 364 2570 Vs.
385 2504 439 2572 ³8.
478 2514 650 2578 emunctis
669 2513 770 2589 ἔμμεν.
785 2507 884 2591 Vulgo
893 2508 1144 2590 scribunttpma',
1153 2511 1257 2572 addito
1269 2531 1353 2595 apos·

275 2613 404 2698 troph03
425 2614 597 2698 Simplicius
616 2621 794 2683 sasenates
803 2617 928 2694 lascesas.
963 2615 1120 2678 Notandus
1136 2627 1237 2678 autem
1251 2615 1353 2678 hiatus

276 2733 348 2784 ante
366 2725 470 2802 Ippro,
490 2721 536 2782 uti
557 2733 586 2782 et
608 2743 650 2783 vs.
666 2720 706 2782 74
725 2721 759 2780 in
771 2719 866 2781 verbis
876 2769 883 2796 ‚
905 2721 1241 2790 5mmtibr,rs.1562
1260 2729 1354 2790 otim

275 2833 345 2896 tm.
389 2830 489 2894 Posset
508 2825 596 2888 Iacile
616 2827 684 2888 tolli
705 2827 864 2896 inserendo
883 2827 934 2910 γ’,
954 2828 1051 2890 aliove
1064 2829 1217 2906 remedio,
1239 2849 1302 2912 quo
1318 2828 1352 2888 in

277 2935 380 2998 multis
409 2931 586 3016 hujusmodi
615 2931 689 2992 locis
718 2953 789 2994 usns
819 2943 862 2994 est
882 2934 1089 2996 dermannus:
1111 2945 1147 2996 ut
1164 2933 1288 2996 Homer.
1317 2935 1353 2996 Il.

275 3041 380 3126 Apoll.
411 3038 476 3101 uel.
498 3059 540 3100 vs.
561 3035 621 3116 st,
653 3059 709 3122 pro
728 3065 760 3106 aa
777 3021 886 3108 Sessias
906 3041 1029 3124 corrigit
1047 3049 1084 3109 σέ
1096 3042 1128 3124 γ’
1149 3047 1265 3111 ἔσεσθαι,
1308 3043 1354 3119 Si·

277 3145 363 3208 milia
385 3144 485 3208 hiatus
505 3143 646 3228 exempla
666 3143 750 3227 apud
769 3147 892 3208 seriores
913 3147 1013 3229 epicos
1033 3147 1131 3208 msslta
1150 3159 1303 3224 exstant„
1319 3159 1356 3208 ut

279 3253 363 3340 apud
375 3253 410 3329 Q.
432 3253 634 3336 Smyrnaeum
654 3251 806 3330 111,325,
828 3253 898 3316 476.
914 3253 970 3331 VI,
984 3251 1055 3318 296.
1070 3255 1151 3332 tw,
1169 3253 1241 3315 114:
1261 3261 1356 3323 lam

279 3364 533 3438 saturamine
550 3364 597 3432 ill
614 3370 757 3442 χιτῶνας,
777 3365 890 3430 taxans
901 3365 978 3436 ires.
990 3361 1030 3422 al.
1047 3351 1127 3446 uuae
1139 3361 1243 3424 omnia
1255 3381 1357 3424 emen·

279 3469 403 3530 datione
423 3489 509 3550 egere
529 3477 630 3527 censet
649 3467 854 3544 dermannus,
876 3467 914 3529 de
928 3465 1014 3528 hiatu
1027 3467 1171 3528 disserens
1186 3465 1225 3528 ad
1239 3467 1356 3531 calcem

256 3573 404 3658 forpbic.
424 3595 458 3655 p.
478 3569 539 3632 74³
560 3586 623 3653 sqq·
663 3569 809 3654 Equidem
830 3583 932 3648 tamen
952 3584 1076 3654 tangere
1096 3593 1209 3633 vereor.

297 3699 299 3705 ⁴
321 3679 371 3739 Vs.
391 3676 433 3740 39
453 3699 496 3760 sq.
538 3681 604 3743 οὔτε
623 3687 678 3758 pise
699 3680 733 3744 Sa
751 3686 844 3760 γνοίης
862 3683 948 3754 κτλ.)
988 3678 1071 3738 Inter
1091 3676 1176 3738 huno
1192 3698 1312 3740 versum
1327 3689 1357 3739 et

280 3783 509 3846 antecedentem
529 3783 652 3844 Proclus
671 3785 838 3867 interponit
857 3784 1037 3867 particulam
1058 3791 1124 3859 ut,
1151 3783 1234 3844 unde
1257 3784 1358 3867 suspi-

280 3887 355 3948 cen's
375 3887 490 3970 aliquid
509 3887 713 3950 intermIssum
737 3909 817 3966 esse3
849 3889 1019 3972 Simplicius
1040 3899 1142 3952 tamen
1163 3911 1228 3950 nno
1248 3888 1358 3963 ordine

278 3991 449 4052 continuat.
489 3991 548 4051 Etsi
570 4012 669 4054 versus
690 3991 768 4068 hene
789 3993 971 4072 cohaerent,
1015 4006 1116 4057 tamen
1137 3994 1220 4058 haud
1242 3995 1360 4078 impro-
