2870 4824
438 363 511 408 rrra
538 365 577 407 nr
601 363 725 408 sronrs.
1087 343 1129 409 ’9
1222 417 1223 420 ¹
1336 347 1342 358 '

83 539 113 588 eo
137 513 311 610 accepisset
334 509 368 583 ¹⁵.
393 511 474 584 Iam
501 512 736 614 Pythagoram
760 514 852 588 circa
878 512 1130 615 Olympiadem

23 707 24 716 q
81 621 161 694 toet
180 633 294 719 postea
317 621 359 692 in
381 619 484 692 Italia
505 619 684 713 floruisse,
706 623 804 698 iuter
825 621 1016 722 plerosque
1043 649 1128 695 con·

80 729 176 804 venit:
193 721 287 826 quod
315 728 345 799 si
368 727 605 826 Xenophanes
628 731 703 823 jam
727 741 811 813 tum
832 730 956 802 fuisset
983 741 1129 828 octoge-

80 837 190 926 narius,
215 835 296 932 quis
318 859 406 906 eum
428 859 541 909 novae
569 834 681 930 hujus
706 833 914 933 disciplinae
939 833 1128 908 aemulum

79 941 158 1015 bime
181 939 331 1014 credat?
356 942 404 1012 Et
430 943 459 1013 si
487 967 616 1016 verum
643 946 720 1036 sit,
736 943 833 1042 quod
862 941 971 1014 multi
996 942 1130 1041 proha-

78 1049 124 1122 bili
136 1051 261 1123 ratione
281 1049 526 1142 arbitrantur,
540 1049 776 1150 Pythagoram
796 1077 869 1123 non
884 1063 968 1123 ante
984 1051 1129 1151 Olympi

78 1155 195 1255 bqesse
219 1169 430 1249 mortuum,
460 1157 640 1255 quomodo
671 1169 838 1256 potuerat
865 1156 1126 1255 Xenophanes,
1194 1155 1197 1162 ’

23 1355 24 1360 ¹
78 1263 220 1361 riviginti
238 1267 316 1358 jam
339 1263 442 1336 annis
464 1276 549 1336 ante
573 1264 798 1355 decessisset,
821 1264 871 1336 sic
892 1263 938 1336 de
958 1289 1000 1336 eo
1024 1269 1130 1337 coin-

23 1375 24 1378 ’
77 1371 1131 1472 memorare?Exhisapparetquamincongruumsit,quod

78 1499 127 1546 ron
150 1478 400 1552 animadvertit
432 1477 524 1549 Clar.
550 1477 709 1571 Cousin,
738 1477 968 1578 Xenophanis
995 1477 1127 1578 placita

78 1584 107 1656 ad
130 1583 380 1686 Pythagoream
407 1585 605 1659 doctrinam
636 1585 771 1660 referre
792 1585 834 1677 ¹⁶,
858 1587 978 1686 ipsum
1007 1600 1131 1662 tamen
1178 1615 1206 1672 ,·

78 1701 160 1764 aetate
182 1691 246 1765 illo
264 1691 491 1790 superiorem
517 1693 644 1765 facere.
666 1691 760 1792 Ergo
785 1694 853 1765 nisi
876 1693 1020 1791 probari
1045 1721 1130 1792 pos-

79 1797 121 1889 sit,
136 1799 367 1899 Pythagoram
391 1801 544 1899 ejusque
568 1800 770 1872 doctrinam
787 1803 904 1896 prius,
920 1827 1031 1899 quarn
1047 1801 1131 1900 ple-

78 1906 152 2005 n'que
173 1907 420 2000 arbitrantur,
444 1909 483 1981 in
510 1905 614 1980 Italia
643 1907 832 1996 floruisse,
857 1911 1130 1982 concedendum

75 2025 135 2100 st,
161 2015 422 2114 Xenophanem
447 2007 526 2088 'non
550 2014 596 2088 ad
619 2012 870 2113 Olympiadem
900 2012 950 2106 64
974 2015 1129 2110 vixisse,

106 2226 281 2302 Praeterea
310 2226 379 2300 alia
406 2228 460 2301 his
481 2227 659 2301 accedunt
679 2227 821 2300 indicia.
841 2229 1022 2301 Medorum
1052 2227 1130 2300 im·
1202 2298 1205 2305 .

73 2343 169 2426 petus,
194 2339 305 2432 cujus
325 2337 364 2408 in
393 2361 501 2412 versu
525 2335 683 2434 quodam
707 2335 896 2430 meminit,
913 2337 1029 2409 factus
1054 2345 1133 2409 erat

73 2436 184 2540 Olymp.
200 2441 250 2542 59
266 2469 275 2515 :
292 2443 394 2516 hunc
413 2441 477 2514 ille
498 2453 673 2516 memorat
696 2453 871 2540 tanquam
890 2469 969 2515 rem
988 2441 1132 2540 dudum

71 2557 148 2618 antea
171 2564 332 2647 gestam3
350 2561 395 2622 ut
407 2561 601 2646 appareat,
623 2548 661 2620 id
687 2547 812 2620 multis
827 2549 930 2620 annis
945 2561 1065 2646 postea
1085 2549 1131 2621 ah

71 2675 100 2722 eo
116 2656 286 2754 scriptum
312 2681 397 2729 esse.
420 2656 529 2728 Porro
558 2659 659 2730 Velia
685 2653 809 2727 Italiae
830 2655 918 2728 urbs
944 2656 1086 2728 condita
1109 2683 1131 2730 a

70 2759 327 2838 Phocaeensibus
353 2763 496 2864 Olymp.
521 2762 594 2854 61,
623 2787 734 2862 quam
759 2763 939 2835 conditam
959 2763 1135 2842 habitavit

70 2863 171 2944 deinde
188 2883 227 2944 et
247 2869 412 2945 versibus
429 2868 623 2944 celebravit
642 2869 883 2968 Xenophanes
904 2897 913 2942 ι
939 2871 1039 2944 unde
1054 2871 1133 2944 col-

71 2968 111 3069 ligi
131 2989 247 3074 potest
270 3004 292 3048 a
314 2976 455 3049 condita
482 2976 550 3049 hac
577 2975 669 3049 urbe
693 2975 739 3047 ad
758 2979 838 3071 ejus
860 2989 1014 3049 mortem
1030 2977 1131 3054 haud

71 3083 217 3182 exiguum
242 3111 425 3158 annorum
444 3082 679 3158 intervallum
696 3085 812 3158 fuisse.
832 3086 922 3157 Satis
939 3085 1027 3158 haec
1051 3112 1132 3159 om-

73 3189 110 3260 nia
131 3193 304 3268 videntur
332 3191 483 3292 probare
513 3192 743 3291 Xenophanis
775 3205 928 3267 aetatem
942 3195 955 3286 ',
984 3221 1057 3267 non
1087 3207 1133 3269 ut

72 3295 284 3395 Apollodorus
310 3300 452 3392 statuit,
479 3300 573 3372 intra
594 3300 900 3400 quadragesimam
918 3314 955 3375 et
979 3328 1131 3402 sexage-

70 3401 166 3478 simam
187 3419 360 3506 quartam
383 3406 612 3508 Olympiades
635 3408 834 3504 contineri,
859 3409 920 3484 sed
943 3408 1127 3510 aliquanto

69 3505 252 3588 inferiorem
277 3539 351 3589 esse
377 3513 594 3612 ponendam.

97 3803 153 3889 (¹5)
176 3809 245 3871 vid.
266 3811 342 3870 infra
362 3809 463 3891 fragm.
480 3807 597 3872 xv111.

95 3895 150 3976 (16)
170 3898 258 3975 Quod
277 3900 386 3982 saepius
403 3899 449 3959 ille
468 3911 495 3959 et
513 3910 588 3959 recte
604 3896 693 3968 dicit,
714 3896 802 3960 relati
821 3919 851 3979 p.
871 3919 920 3959 ur.
935 3932 975 3946 -
1003 3903 1131 3969 «1’50010

68 3978 300 4066 Pythagoriciennc
321 3989 369 4068 qui
390 3989 552 4049 renfermait
574 3989 600 4048 le
622 4007 715 4068 gerne
738 3986 774 4049 de
795 3987 890 4050 l’ecole
916 3981 1013 4056 d'Elee
1035 3997 1133 4078 etqui

68 4087 118 4150 peut
134 4095 166 4137 en
184 4078 246 4141 atre
266 4079 428 4142 consideree
448 4099 555 4143 comme
573 4079 600 4140 la'
618 4079 704 4140 mere.
722 4101 738 4138 a
