2840 4820
255 327 300 392 86
701 346 892 389 xsrornarrs

254 504 344 575 νέντος
369 503 489 580 ὑπὸτῆς
512 503 611 594 Ἥρας
638 499 685 568 διὰ
713 508 763 582 τὴν
789 501 958 578 ζηλοτατιαν
985 498 1027 566 ὅτι
1055 501 1184 578 συνῆλθε
1208 495 1245 590 τῇ
1268 485 1334 562 Ἰνοῖ

255 611 270 670 ὁ
299 608 401 696 Ζεὺς,
433 611 483 673 καὶ
507 609 740 685 ἀπηθανατίσθη
768 615 786 684 ἡ
810 598 884 671 Ἰνώ.
917 605 965 672 διὰ
995 615 1071 672 τοῦτο
1101 615 1139 680 ὡς
1170 605 1222 694 μὲν
1253 602 1332 671 δεινοὶ

255 719 389 806 παθούσῃ
426 718 648 809 ε’πιθρηνοῡσιν,
688 725 726 791 ὡς
759 718 1038 805 ἀπαθανατισθειὲοη
1074 710 1170 809 (δὲ)
1204 717 1329 782 θύωσιν.

254 819 352 892 Haec
369 820 409 888 in
426 819 589 890 transitu.
603 820 681 891 Noti
701 831 786 890 sunt
804 817 939 892 flebiles
953 818 1074 888 Inonis
1092 843 1207 908 casus,
1225 819 1334 888 etlam

255 925 295 996 in
309 949 411 998 scena
434 924 625 1020 celebrati3
648 951 768 1026 neque
789 927 943 1018 mirum,
963 950 1081 1022 quum
1100 935 1176 1021 post
1194 923 1335 996 obitum

255 1031 351 1103 inter
372 1034 525 1104 marinos
544 1031 634 1105 Deos
650 1031 872 1107 Leucotheae
896 1035 1042 1104 nomine
1061 1043 1150 1103 esset
1173 1042 1332 1126 recepta,

256 1137 337 1230 ejus
359 1139 566 1210 memoriam
591 1139 696 1237 apud
713 1139 875 1232 Eleates,
898 1137 1113 1210 maritimam
1136 1136 1336 1227 civitatem,

255 1241 429 1340 religione
454 1258 691 1319 consecratam
715 1247 831 1318 fuisse.

308 1349 405 1421 Idem
433 1371 518 1425 vero
545 1351 684 1424 dictum
713 1349 836 1450 paullo
861 1348 965 1423 aliter
992 1349 1102 1422 refert
1125 1345 1341 1420 Plutarchus

257 1455 417 1528 Amator.
441 1483 477 1554 p.
505 1455 600 1557 763,
615 1459 658 1529 D.
684 1457 762 1530 Vol.
786 1456 925 1555 IX,p.
953 1455 1011 1555 59.
1038 1453 1207 1528 heiste
1181 1466 1342 1592 ..ινσφιίνης

257 1562 422 1656 Αἰγνπτῶνς
447 1567 622 1635 ἐκέλευσε
595 1591 641 1635 τον
654 1564 797 1662 ”,Οσιριν
825 1573 851 1634 εἰ
872 1569 979 1646 θνητὸν
1004 1573 1168 1657 νομίζωσι,
1189 1571 1230 1654 μὴ
1251 1589 1343 1654 τιμᾳν

259 1679 298 1747 ὡς
337 1675 429 1760 θοὸν,
461 1683 487 1742 εἰ
524 1674 555 1744 δὲ
588 1679 657 1742 θεὸν
684 1685 839 1767 ἡγοῦνται,
870 1683 911 1766 μὴ
936 1678 1069 1768 θρηνεῖν
1101 1668 1312 1743 Similiter
1301 1695 1343 1742 ln

257 1775 350 1848 libro
373 1777 420 1850 de
444 1779 488 1850 Is.
511 1791 549 1851 et
571 1777 661 1850 Osir.
686 1805 721 1876 p.
742 1779 837 1879 379,
861 1780 901 1850 B.
928 1777 1006 1850 Vol.
1032 1777 1122 1870 VII,
1148 1801 1183 1874 p.
1203 1775 1272 1874 490
1287 1801 1343 1875 sq.

260 1881 437 1975 absurde,
464 1885 609 1982 inquit,
647 1897 783 1958 veteres
809 1886 967 1957 Deorum
998 1897 1098 1955 ortus
1122 1894 1159 1954 et
1173 1883 1343 1954 interitus

258 1988 488 2083 praedicant,
516 2003 571 2060 καί
591 2019 630 2061 τοι
656 2005 701 2060 τοῦ
723 1995 888 2088 παραλόγου
912 2001 962 2074 τὴν
986 2000 1101 2062 ἀτοπίαν
1125 1997 1155 2060 ἐν
1182 1991 1346 2086 ὀφθαλμοῖς

258 2093 396 2185 ἔχοντες,
422 2099 452 2165 orl
489 2107 570 2188 μόνον
597 2099 756 2194 Ξενοφάνης
781 2093 796 2168 ὅ
820 2101 992 2195 Κολοφώνιος
1018 2095 1036 2178 ἢ
1058 2101 1123 2182 ἑξῆς
1144 2104 1170 2164 οἳ
1190 2099 1250 2174 τούς
1280 2097 1347 2164 Αἰ-

260 2209 413 2293 γυπτιαις,
444 2211 470 2272 εἰ
497 2208 580 2282 θεαλς
614 2212 777 2294 νομίζωσι,
807 2213 848 2295 μὴ
878 2209 1023 2299 θρηνεῖν,
1062 2211 1088 2271 εί
1120 2203 1151 2272 δὲ
1180 2207 1345 2298 θρηνοῦσι,

261 2309 345 2383 &soie
378 2317 420 2398 μὴ
443 2315 585 2400 νομίζειν,
610 2303 675 2379 ἀλλ’
694 2309 737 2380 ὅτι
761 2312 888 2403 γελοῖον,
911 2309 975 2400 ἅμα
1010 2313 1170 2404 θρηνοῦντα
1195 2305 1348 2398 εὔχεσθαι

261 2416 322 2490 'cole
351 2417 474 2510 καρποὺς
502 2417 594 2485 πάλιν
620 2415 786 2512 ἀναφαίνειν
817 2421 867 2483 καὶ
895 2417 1016 2485 τελειοῦν
1044 2415 1136 2492 αὐτοῖς
1155 2412 1253 2501 ,ὅπως
1276 2425 1347 2484 es-

260 2521 306 2588 λιν
341 2525 555 2593 batumum
579 2525 629 2592 aul
660 2529 837 2620 θρηνῶνται.
861 2521 987 2594 Verbis
1021 2521 1168 2619 quidem
1196 2520 1251 2591 his
1275 2518 1350 2591 ali-

261 2627 359 2724 quod
395 2629 525 2703 vitium
559 2629 702 2702 subesse
736 2628 907 2722 videtur,
945 2629 1044 2728 quod
1086 2626 1163 2699 tolli
1201 2627 1350 2700 fortusse

259 2735 369 2830 possit
392 2735 632 2835 corrigendo:
663 2739 823 2830 ον’μόνοιὸ
853 2739 957 2807 Ξεν.ὸ
984 2741 1088 2834 Κολοφ.
1113 2739 1190 2820 ν’,ξίοι
1205 2741 1265 2814 τοὺς
1291 2737 1348 2805 Δι’-

262 2841 391 2934 γνπτῖως
433 2885 505 2932 -,
536 2838 599 2914 ἀλλ’
630 2844 672 2914 'ln
696 2848 801 2938 γελοῖον
827 2848 893 2914 κτλ.
923 2843 980 2915 Ad
1005 2843 1236 2940 Xenophanis
1261 2866 1351 2916 Vero

262 2947 511 3047 dictumquod
536 2951 684 3041 attinet,
709 2952 748 3021 in
766 2952 839 3048 ipsa
864 2951 1040 3022 sententia
1053 2949 1158 3020 ambo
1185 2960 1352 3021 auctores

264 3055 485 3147 concinunt,
513 3055 714 3154 discrepant
743 3069 885 3128 tantum
910 3057 949 3127 in
973 3083 1016 3130 eo
1056 3055 1154 3154 quod
1185 3053 1275 3127 alter
1302 3054 1352 3126 ud

263 3160 475 3260 Aegyptios,
495 3161 587 3236 alter
606 3163 651 3236 ad
668 3162 806 3236 Elearas
822 3164 954 3256 relert3
973 3165 1012 3234 in
1031 3187 1105 3260 quo
1123 3187 1229 3236 nemo
1241 3160 1352 3233 facile

263 3267 408 3341 dubitet
434 3273 525 3369 quin
564 3269 763 3344 Aristotelis
792 3271 982 3344 auctoritas
1018 3269 1210 3342 Plutarcho
1246 3283 1352 3341 ante·

263 3375 429 3474 ponenda
442 3379 498 3469 sit,
508 3378 714 3475 praesertim
727 3403 843 3476 quum
856 3377 1120 3475 Xenophanem
1131 3378 1172 3447 in
1183 3375 1353 3473 Aegypto

263 3481 370 3556 fuisse
388 3505 461 3556 non
486 3495 725 3556 memoratum
748 3486 803 3556 sit.
818 3484 1003 3557 Probabile
1025 3495 1094 3576 est,
1117 3484 1214 3557 idem
1226 3481 1350 3568 illud,

263 3591 361 3690 quod
389 3590 624 3688 Xenophanes
652 3589 783 3662 Eleatis
805 3591 966 3683 dixisset,
995 3603 1142 3689 propter
1168 3587 1354 3687 religionis

263 3698 537 3772 similitudinem
562 3697 601 3768 in
614 3696 806 3796 Aegyptios
818 3723 890 3772 esse
906 3697 1137 3790 tmnslatum3
1163 3695 1248 3770 inde
1261 3693 1352 3768 Plu·

263 3804 377 3876 tarchi
400 3829 558 3877 errorem
580 3805 760 3877 exstitisse.
