2840 4820
1194 177 1202 214 l

293 290 341 358 80
762 315 967 360 morsurus.

295 465 458 565 Utroque
483 464 588 538 modo
613 463 859 564 iambographi
886 465 943 537 usi
974 475 1072 538 sunt.
1089 464 1217 538 Hiatus
1239 465 1277 538 in
1304 469 1368 551 αὕτη

295 598 369 645 non
393 569 546 644 offendit
567 583 715 670 propter
725 595 921 662 caesuram3
935 570 974 641 in
997 572 1105 658 ἀσεβεῖ
1117 572 1231 669 prima
1249 569 1370 671 syllaba

295 693 349 754 est
368 679 560 778 producta,
578 691 622 750 ut
635 677 743 778 vulgo
757 681 798 750 in
818 685 984 766 ἀθάνατος,
1000 677 1151 776 aliisque
1173 682 1368 778 compositis.

294 787 364 858 Pro
390 790 546 884 πρόκλησις
567 787 607 858 in
620 783 811 858 Aristotele
836 783 898 856 alii
921 783 1050 882 legunt
1068 789 1240 882 πρόςκλησις
1256 787 1370 860 :ambo

293 895 382 968 haec
401 893 511 968 verba
527 895 669 992 saepius
691 904 897 994 permutata
918 917 992 966 esse
1017 891 1121 966 docet
1147 893 1371 969 Schneiderus

292 1005 333 1076 in
351 1003 479 1077 Lexico
502 999 652 1076 Graeco.
1249 1029 1252 1035 ’

784 1319 902 1388 XXVI.

204 1569 206 1576 ’
257 1543 258 1546 ‘
341 1571 630 1673 etymologusu.
646 1599 679 1649 v.
700 1579 813 1670 Γηις.
833 1573 1093 1666 -ιοπιμπιο,
1106 1571 1299 1666 speetu
1316 1603 1378 1665 πη-

292 1687 396 1770 πλεῒς,
436 1709 522 1761 οιτως
550 1677 597 1752 ὦν
635 1687 687 1750 καὶ
723 1693 824 1777 γηρῶ,
860 1678 954 1775 γηφᾷς
990 1685 1040 1747 καὶ
1073 1700 1182 1776 γηρεῖς.
1212 1690 1231 1760 ἡ
1261 1689 1370 1774 μετοχὴ·

292 1797 411 1888 papeia,
437 1831 487 1844 -
510 1797 666 1885 γηρέντος,
691 1788 791 1886 ὥσπερ
814 1793 957 1866 τιθέντος·
989 1785 1162 1885 Ξενοφάνης·
1187 1789 1240 1859 οἷον

488 1970 589 2068 culpis
608 1977 741 2066 γηφέντος
762 1970 864 2040 πολλὸν
887 1975 1085 2066 ἀφανρέτεφος.

286 2167 479 2274 'Participii
509 2173 622 2246 forma
652 2181 749 2272 γηρείς
785 2173 949 2272 quamvis
978 2173 1065 2247 alibi
1092 2199 1165 2246 non
1195 2187 1371 2266 occurrat,

290 2283 433 2357 Ionicae
445 2295 568 2354 tamen
590 2279 741 2354 dialecto
763 2305 920 2378 congrua
935 2293 999 2353 est.
1020 2281 1124 2354 Iones
1141 2283 1241 2354 enirn
1258 2294 1373 2354 notum

290 2403 344 2464 est
375 2387 484 2466 verba
520 2389 560 2459 in
597 2399 641 2458 άω
671 2387 870 2460 desinentia
909 2387 1053 2462 flectere
1079 2389 1119 2460 in
1152 2399 1203 2460 έω.
1237 2387 1371 2490 Gregor.

289 2497 451 2571 Corinth.
477 2497 523 2570 de
544 2495 664 2568 Ionica
682 2495 835 2569 dialecto
856 2493 881 2594 S
899 2495 975 2570 XV.
994 2496 1170 2569 Maittaire
1188 2497 1244 2571 ed.
1266 2500 1372 2570 Sturz.

287 2629 325 2704 p.
359 2605 438 2703 157.
466 2601 688 2697 Hujusmodi
707 2601 917 2700 exemplum
943 2615 996 2676 est
1026 2603 1125 2703 quod
1151 2603 1372 2705 Etymologus

288 2711 415 2804 affert,
443 2710 591 2806 πιμπλῷ,
621 2710 755 2803 πιμπλᾷς
784 2715 835 2780 καὶ
863 2715 1022 2806 πιμπλεῖςς
1048 2714 1284 2810 posteriorem
1309 2713 1372 2784 sor-

288 2843 387 2890 mam
416 2815 563 2889 exhibet
586 2817 756 2889 Herodot.
785 2817 884 2905 VII,
915 2817 987 2916 39,
1008 2819 1049 2890 in
1076 2817 1188 2892 verbo
1221 2823 1370 2914 ἐμπιπλέει.

287 2925 405 3025 Igitur
430 2935 474 2996 ut
497 2936 654 3022 ογηράω,
679 2937 804 3023 γηρημι,
826 2925 981 2999 ductum
1006 2936 1059 2999 est
1079 2927 1311 3026 participium
1332 2957 1374 3020 γη

287 3041 343 3131 φὰς
372 3057 446 3131 quo
473 3033 653 3105 Homerus
680 3035 829 3126 utitur,
860 3034 910 3106 sic
941 3060 961 3104 a
989 3033 1106 3131 γηρέω,
1126 3045 1253 3132 puppo,
1277 3035 1373 3107 ducta

175 3133 180 3144 ’
287 3139 357 3213 erit
380 3139 502 3211 Ionica
529 3139 644 3210 forma
676 3141 785 3238 γηρείς.
818 3139 901 3234 Quo
925 3143 1039 3214 rarior
1065 3141 1141 3215 haec
1169 3142 1308 3235 forma,
1337 3163 1372 3212 eo

287 3246 598 3348 minustsuspecta
619 3257 672 3320 est
700 3249 897 3321 testimonii
916 3247 1029 3346 hujus
1052 3249 1255 3322 auctoritas.

767 3545 899 3615 XXVII.

337 3795 547 3871 scholiastes
569 3794 615 3870 ad
632 3795 813 3897 Aristoph.
832 3799 958 3898 Equit.
976 3825 1025 3876 vs.
1049 3799 1124 3893 406
1151 3829 1159 3874 ε
1187 3791 1375 3894 βάκχονι

288 3909 435 3998 ἐνάλων,
481 3905 634 4005 inquit,
666 3915 717 3978 καὶ
759 3913 819 3987 τοὺς
852 3911 972 3989 κλάδοις
1000 3913 1045 3992 οὓς
1073 3922 1097 3982 οἱ
1128 3918 1223 4006 μὺςοιι
1258 3919 1372 4010 φέφονοι·

218 4019 221 4043 ’
286 4019 430 4108 μέμνηται
455 4014 487 4086 δὲ
516 4015 674 4112 Ξενοφάνης
708 4021 738 4086 ἐν
772 4018 884 4096 colloss
913 4019 1014 4096 uiroc·
