2840 4820
317 261 381 325 110
733 281 771 323 ns
793 280 963 326 xnxomrus

312 445 381 528 μίαν
403 437 479 526 μὲν,
515 443 565 516 τὴν
590 438 643 503 ἀπὸ
666 445 711 502 τοῦ
739 445 841 525 μείονος
863 439 908 504 ἐπὶ
930 439 961 502 τὸ
983 442 1079 526 μεῖζον
1099 437 1151 500 καὶ
1181 442 1231 514 τὴν
1256 438 1307 501 ἀπὸ
1332 447 1371 502 τον

313 551 433 636 χειρονος
474 544 520 609 ε’πῖ
550 545 580 608 τὸ
608 541 731 626 βέλτιον.
766 543 899 609 καλεῖται
927 540 958 608 δὲ
986 545 1019 609 τὸ
1048 541 1101 630 μὲν
1132 531 1185 634 ἀφ’
1221 535 1305 632 αἴπερ
1339 538 1370 606 ἂν

311 644 438 742 ἄρξηται
462 645 660 736 μεταβάλλειν
683 653 807 739 γένεσις·
829 687 878 700 -
896 645 1030 746 δευτέραν
1044 646 1099 735 δὲ,
1126 653 1178 726 τήν
1191 649 1246 713 ἀπὸ
1260 656 1303 710 τοῦ
1315 653 1369 733 μεί-

239 825 243 834 ,
312 761 385 833 ζονος
411 755 456 822 ἐπὶ
478 756 508 820 τὸ
530 771 605 842 μεῖον
633 757 684 820 καὶ
707 761 758 835 τὴν
784 757 839 822 ἀπὸ
861 764 905 820 τοῦ
927 753 1067 840 βελτίονος
1090 755 1136 820 ἐπὶ
1159 755 1191 817 τὸ
1218 769 1322 844 χεῖρον·
1344 751 1372 818 τὸ

311 859 342 928 δὲ
373 865 565 954 συμπέρασμα
602 874 650 938 τῆς
677 860 841 948 μεταβολῆς
873 862 983 938 ταύτης
1009 864 1177 946 ὀνομάζεται
1208 860 1299 951 φθορὰ
1328 862 1370 923 καὶ

311 965 446 1042 διάλυσις.
477 957 548 1032 Ἐὰν
575 959 620 1032 οὖν
646 969 697 1032 καὶ
720 969 751 1033 τὸ
778 964 842 1034 ἕλον
871 969 921 1032 καὶ
948 969 981 1032 τὸ
1004 979 1063 1033 πᾶν
1093 971 1228 1054 γεννητόν
1257 967 1300 1041 ε’ςι
1328 963 1371 1026 καί

312 1073 456 1165 φθαρτὸν,
480 1078 625 1162 γενόμενον
653 1075 707 1140 ἀπὸ
728 1083 773 1139 τώ
796 1080 899 1162 μείονος
920 1075 965 1140 ἐπὶ
987 1074 1017 1138 τὸ
1037 1076 1133 1159 μεῖζον
1158 1066 1301 1158 μετέβαλε
1326 1069 1368 1132 καὶ

312 1181 365 1245 ἀπὸ
390 1189 435 1244 τοῦ
464 1187 585 1272 χείρονος
605 1183 650 1246 ἐπὶ
675 1181 706 1245 τὸ
728 1177 853 1262 βέλτιον.

358 1280 491 1351 Eadem
507 1283 603 1352 notio
618 1280 777 1374 subjecta
792 1293 845 1354 est
863 1279 917 1352 his
941 1278 1176 1375 Xenophanis
1200 1274 1325 1364 verbis,
1345 1285 1366 1342 εἰ

311 1394 369 1483 γὰρ
397 1397 516 1482 γίγνατο
538 1392 571 1472 ἐξ
592 1395 783 1485 ἀσθενεςέρον
805 1395 835 1459 τὸ
852 1397 1049 1484 ἰσχυρότερον,
1079 1386 1221 1475 ceteris,
1247 1385 1365 1482 quibus

310 1493 429 1566 Deum
448 1506 637 1567 aeternum
649 1521 722 1568 esse
739 1494 880 1593 probat,
899 1495 1070 1593 quoniam
1085 1491 1284 1568 vicissitudo
1301 1517 1364 1562 om-

311 1600 366 1670 nis
390 1597 504 1671 aliena
530 1602 575 1672 sit
598 1601 643 1672 ab
671 1627 713 1674 eo
739 1602 837 1700 quod
860 1613 911 1674 eat
931 1612 1099 1690 tantum,
1126 1612 1172 1668 τοΰ
1192 1597 1291 1684 ὄντος,
1314 1596 1364 1668 cni

310 1705 402 1778 nihil
428 1707 629 1805 oppositum
654 1709 721 1780 nisi
743 1715 775 1780 τὸ
812 1719 853 1801 μὴ
873 1711 930 1796 ὅν,
967 1707 1064 1806 quod
1091 1704 1184 1778 nihil
1207 1717 1258 1776 est
1282 1705 1364 1775 :hoc

310 1825 432 1885 autem
457 1813 658 1888 discrimine
686 1814 849 1906 sublato,
876 1812 1001 1885 nullus
1030 1811 1251 1910 relinquitur
1274 1822 1363 1880 natu-

308 1944 370 1991 rae
398 1921 587 1992 mutationi
610 1919 729 2011 locus,
755 1945 875 2018 neque
904 1920 998 1990 nasci
1027 1919 1117 1990 adeo
1147 1941 1265 2014 neque
1287 1917 1364 1986 inte-

310 2025 381 2097 rire
414 2025 609 2098 ullomodo
638 2039 778 2123 potest,
826 2053 870 2098 ex
900 2027 1040 2099 decreto
1071 2024 1135 2096 illo
1162 2051 1170 2093 :
1198 2029 1305 2094 simila
1328 2047 1364 2090 ec

310 2137 416 2202 simili
437 2139 536 2202 nacci
560 2139 706 2227 nequit,
730 2133 804 2204 sive
827 2143 869 2204 ut
891 2131 1123 2228 Simplicius:
1148 2135 1180 2199 τὸ
1196 2129 1283 2221 ὅμοιον
1304 2137 1365 2194 ἁπο-

310 2240 365 2316 &lc
398 2241 449 2307 ὑπὸ
477 2251 521 2306 τοῦ
549 2246 635 2328 ὁμοίαν
655 2265 668 2308 -;
697 2237 794 2336 quod
828 2237 925 2310 enirn
957 2235 1108 2334 simplex
1143 2247 1180 2308 ct
1209 2235 1252 2306 ab
1281 2230 1363 2302 omni

309 2343 511 2415 diversitate
539 2341 699 2414 alienum
723 2354 797 2434 est,
826 2343 923 2416 idem
951 2345 996 2416 sit
1025 2341 1070 2414 ab
1100 2342 1200 2412 omni
1231 2350 1363 2410 naturae

309 2447 549 2524 vicissitudine
567 2475 719 2523 vacuum
738 2474 878 2522 necesse
893 2460 955 2521 est.
974 2447 996 2494 ¹⁴
1014 2448 1145 2520 Iisdem
1165 2441 1363 2545 argumentis

310 2581 529 2654 quamquam
568 2554 634 2627 alia
677 2559 813 2628 ratione
856 2553 1029 2628 conclusis
1064 2557 1184 2626 utitur
1225 2549 1363 2624 Melissus

308 2661 406 2758 apud
430 2660 587 2757 Simplic.
612 2661 710 2760 Phys.
740 2663 763 2733 f.
792 2687 836 2732 22
862 2663 901 2734 B.

357 2766 402 2837 In
428 2766 613 2838 referenda
635 2781 758 2842 autem
789 2768 854 2840 hac
877 2767 1107 2864 Xenophanis
1133 2765 1266 2838 ratione
1291 2782 1361 2832 eum

348 2965 412 3042 (14)
433 2968 566 3026 Brandir
587 2965 604 3025 l.
625 2968 644 3026 l.
664 2987 692 3047 p.
719 2987 756 3048 ²7
768 3009 777 3036 ,
799 2987 840 3045 sq.
861 2978 959 3046 putat,
981 2965 1165 3045 Xenophanis
1180 2963 1231 3022 hnc
1249 2959 1362 3041 placitum

308 3056 466 3136 oppositum
490 3056 574 3116 luisse
590 3055 792 3115 Anaximandri
810 3057 982 3130 sententiae,
1003 3045 1097 3132 quiex
1109 3054 1233 3125 infinito,
1251 3043 1318 3132 qnod
1330 3043 1363 3100 le·

308 3145 347 3202 cit
372 3165 464 3204 rerum
492 3147 679 3225 principium,
699 3147 792 3204 omnia
815 3146 854 3203 ita
879 3147 956 3224 gigni
978 3147 1139 3218 statuisset,
1168 3155 1197 3200 nt
1219 3137 1309 3198 similia
1334 3149 1362 3229 rx

309 3232 444 3292 similibus
475 3247 668 3313 necterentur3
700 3234 795 3314 placiti
825 3231 906 3312 hujus
932 3246 1028 3292 testem
1057 3234 1137 3291 allert
1165 3228 1325 3308 Simplicium
1338 3239 1361 3316 1¹¹1

309 3323 423 3380 Aristot.
457 3321 540 3400 Phys.
570 3323 619 3380 lol.
647 3323 676 3383 6.
698 3322 753 3382 sed
775 3343 872 3382 vereor
897 3343 950 3396 ne,
985 3343 1047 3381 cum
1081 3322 1148 3380 haec
1179 3317 1360 3378 scriberetur

309 3409 491 3483 clarissimus,
508 3413 642 3492 Simplicii
659 3413 742 3473 verba
763 3416 854 3471 miuus
874 3413 1022 3493 diligenter
1040 3412 1211 3493 explicuerit.
1234 3407 1283 3464 llic
1301 3399 1362 3456 enlm

307 3500 509 3559 Anaximandri
529 3503 694 3561 sententiam
709 3503 831 3560 referens
853 3501 938 3561 dicit:
952 3503 1037 3582 ἆμχιίν
1056 3529 1087 3561 τε
1106 3501 1152 3562 nal
1165 3497 1278 3574 εαχιῒον
1293 3491 1361 3568 clpam

310 3599 359 3648 τεῒν
373 3587 449 3650 ἐ’νεενο
469 3587 501 3650 cl
522 3587 646 3672 ἔπειρον,
663 3602 766 3674 ηὸτοε
785 3601 864 3652 τοῦτο
880 3591 995 3670 crisopras
1016 3591 1134 3670 κομιόαε
1154 3591 1193 3669 (l.
1211 3591 1228 3647 l.
1244 3578 1360 3668 rpsslss‘l

311 3689 360 3746 riis
397 3682 494 3760 ἆρχῖῐῐ.
525 3695 582 3740 lum
613 3682 718 3741 addit:
744 3679 818 3744 aim
840 3680 876 3743 dl
901 3688 948 3744 ον’νε
980 3683 1159 3762 interemisse
1188 3688 1234 3738 τοῦ
1261 3663 1360 3745 „aciat

310 3764 358 3834 ”lv
382 3771 484 3842 γε’νεσνν
503 3774 593 3846 astri,
611 3774 965 3856 riatu'aimzpmpiror
985 3787 1044 3836 τῦν
1070 3769 1217 3838 iunius
1238 3763 1296 3826 lad
1311 3765 1357 3821 vll

310 3860 428 3924 ι’ϊΝον
447 3867 622 3934 airricus.
644 3856 786 3950 Explicuit
802 3868 869 3928 haec
886 3871 1029 3945 llitterus,
1052 3867 1152 3928 Gesclr.
1171 3863 1219 3924 der
1232 3849 1359 3920 lonischeu

309 3947 408 4028 philos.
428 3975 456 4034 p.
480 3955 616 4038 spii-178.
