2966 4824
554 375 794 426 rmnosornrs.
1148 363 1209 424 145

131 549 197 610 set.
248 534 295 608 At
305 535 336 608 si
353 535 573 632 Parmenidis
588 567 713 617 versus
728 543 904 645 legumus,
921 546 1039 620 statim
1055 561 1211 646 apparet,

130 657 182 730 ite
211 681 296 731 enm
326 657 370 732 de
401 674 529 734 notura
552 687 695 754 canere,
717 678 760 738 ut
787 693 861 740 non
889 665 1040 742 eliorum
1062 666 1124 742 sed
1146 693 1210 741 sua

130 777 259 877 placita
289 796 456 880 exponat:
486 783 583 882 quod
600 809 685 858 sane
701 811 774 860 non
790 788 950 882 fecisset,
965 789 993 862 si
1012 787 1076 862 ista
1091 789 1210 862 omnia

130 913 177 973 ut
210 925 302 976 vanc
332 903 550 1002 repudiasset
578 920 613 980 et
642 907 824 1007 profulsis
850 898 1011 1008 fictisque
1038 922 1207 1008 putasset.

129 1021 197 1096 Ille
228 1049 296 1098 nec
324 1051 437 1098 unam
464 1027 650 1127 amplexus
678 1042 731 1102 est
753 1031 959 1124 veritatem,
984 1055 1052 1104 nec
1078 1031 1211 1129 sprevit

129 1145 279 1218 omnino
301 1143 502 1245 opiniones3
529 1164 706 1224 neutrum
729 1149 896 1242 exclusit,
926 1152 1074 1252 utrique
1100 1175 1211 1224 suum

130 1263 258 1340 tribuit
281 1269 414 1345 locum.
444 1269 689 1346 Veritatem
710 1272 812 1366 dicit,
838 1298 932 1373 quoe
956 1253 1052 1346 certis
1066 1273 1211 1376 ratione

130 1391 374 1486 cognoscitur,
401 1417 496 1492 quoe
515 1395 675 1468 cernitur
692 1396 730 1466 in
753 1421 795 1472 eo
816 1395 913 1494 quod
935 1393 1157 1469 immutabile
1175 1409 1211 1469 et

130 1523 320 1584 aeternum
336 1527 404 1608 est,
414 1516 509 1588 visu
525 1505 695 1615 appellat,
709 1541 803 1616 quae
823 1517 958 1591 ratione
975 1515 1123 1618 quidem
1136 1543 1212 1616 pro·

128 1627 207 1704 bari
219 1656 291 1705 non
307 1651 475 1734 possunt,
491 1635 552 1710 sed
563 1661 668 1710 sensu
680 1635 951 1735 percipiuntur,
982 1653 1018 1712 et
1040 1653 1212 1712 externa-

129 1779 214 1826 rum
231 1779 369 1846 rerum,
385 1755 552 1858 equibus
571 1755 715 1854 effectae
732 1773 840 1860 sunt,
860 1759 1105 1856 vicissitudine
1127 1760 1213 1836 vari·

127 1889 250 1950 antur.
301 1877 508 1977 Agnoscunt
534 1877 601 1950 boc
623 1891 778 1970 veteres,
803 1879 869 1978 qui
893 1879 1115 1952 Parmenidis
1133 1882 1212 1953 reti·

128 2025 215 2073 ones
235 1997 440 2099 diligentius
461 1999 650 2100 explicent.
704 1999 923 2092 Aristoteles,
946 2013 1079 2073 ceteros
1100 2001 1212 2074 Elea-

129 2122 217 2194 ticos
248 2120 532 2221 reprehendens,
569 2119 673 2200 illum
707 2119 801 2196 banc
835 2119 880 2194 ob
903 2146 981 2196 rem
1001 2121 1123 2194 laudat
1148 2132 1210 2192 ¹⁴:

127 2241 334 2342 Παρμενίδης
369 2239 404 2319 bb
436 2246 569 2340 μᾶλλον
598 2243 734 2338 βλέπων
760 2245 844 2320 ἔοικε
864 2271 930 2318 που
952 2243 1072 2344 λέγειν·
1091 2303 1099 2320 .
1115 2303 1146 2320 ..
1174 2241 1212 2338 ἓξ

128 2365 317 2466 ἀνάγκην
335 2367 370 2443 ἓν
396 2363 498 2442 ὀίετον
520 2361 598 2442 eirca
623 2367 662 2441 rb
685 2368 720 2444 ’ὸν
742 2368 799 2440 κο)
824 2365 910 2442 ἄλλο
932 2353 1066 2443 οὐδέν’.
1081 2425 1089 2441 .
1103 2364 1213 2464 ἀνοιγ-

127 2489 306 2586 κοζὸμενος
337 2488 368 2566 δ’
395 2487 582 2566 ἀκολουθεῖν
607 2494 675 2571 τοῖς
704 2489 989 2585 φαινομένοις,
1016 2491 1073 2562 κον)
1092 2487 1127 2563 ιὲν
1150 2492 1212 2584 μὲν

127 2613 243 2689 sarit
270 2613 415 2712 λόγον,
438 2615 540 2687 πλείω
564 2609 602 2690 δὲ
630 2615 718 2686 κοτ’
741 2609 939 2701 οοόὀθηοον
963 2609 1211 2708 ὑπολαμβάνων

126 2732 224 2829 οἶνον,
253 2733 314 2811 <tto
344 2736 408 2816 stu
433 2736 542 2816 οἶτὶοος
563 2735 620 2810 κον)
642 2731 699 2810 tto
721 2733 786 2815 rite
814 2733 931 2836 ἄρχοις
955 2731 1061 2823 τίθησι
1089 2730 1211 2827 πάλιν,

127 2859 241 2959 θερμὸν
272 2861 329 2936 κο)
365 2855 511 2958 ψυχρόν.
561 2857 635 2931 Hoc
667 2859 776 2958 igitur
810 2871 955 2932 auctore
986 2881 1108 2948 unum¹
1136 2881 1211 2932 esse
1290 2851 1324 2876 ”

126 2983 269 3074 statuit,
291 2982 466 3054 ratione
486 2993 523 3052 et
540 2980 796 3052 necessitate
815 2965 974 3066 coactus,
991 2978 1066 3052 duo
1084 2995 1210 3051 rursu‘s

124 3102 323 3202 principia,
360 3117 550 3174 naturae
571 3113 607 3172 et
628 3097 835 3173 sensibus
869 3097 1129 3173 accommodate
1151 3107 1207 3173 ¹⁵.

124 3225 219 3298 Hinc
240 3225 362 3299 cutem
383 3251 403 3296 a
423 3222 602 3322 plerisque
629 3219 820 3294 serioribus
844 3219 1073 3293 Parmenides
1097 3245 1207 3319 prae—

124 3345 265 3420 dicetur
280 3345 447 3444 prinecps
462 3343 590 3434 tuisse,
605 3341 670 3444 qui
688 3366 814 3416 rerum
828 3339 1066 3442 cognitionem
1080 3341 1119 3414 in
1136 3339 1209 3414 duo

158 3547 217 3616 (rt)
249 3542 365 3616 bletnpb.
381 3545 407 3608 1,
426 3541 450 3596 5.
468 3559 494 3613 p.
511 3541 561 3606 648
576 3542 607 3594 Β.

157 3648 216 3717 (ιὸ)
248 3647 322 3702 Idem
344 3657 434 3701 tomen
455 3646 532 3710 tlibi,
553 3647 602 3700 nbi
627 3646 660 3700 de
684 3645 858 3699 Electicomnr
875 3643 994 3697 doctrine
1010 3645 1151 3710 generatim
1167 3645 1208 3698 lo·

122 3739 235 3810 quitur,
253 3737 320 3791 benc
336 3739 514 3808 exceptionem
530 3755 583 3790 non
601 3737 680 3798 iecit,
696 3737 774 3789 ut'de
793 3737 884 3789 Gener.
900 3743 928 3789 et
945 3735 1019 3788 Gorr.
1031 3737 1059 3798 1,
1072 3739 1095 3790 8.
1107 3753 1131 3806 p.
1144 3733 1209 3806 395:

123 3834 206 3891 ἐνίοις
214 3833 268 3901 γὰρ
278 3831 359 3891 ἔδοξε
370 3835 425 3883 νὺν
433 3833 556 3901 ἀρχαίων
566 3833 598 3882 τὸ
609 3831 638 3882 ὃν
648 3831 674 3889 ἐξ
684 3831 803 3897 ἀνάγκης
812 3825 842 3880 ἓν
852 3821 925 3881 εἶναι
935 3831 983 3880 eut
993 3831 1167 3898 &rhetora--
1178 3831 1207 3880 ἐν

123 3923 174 3988 μὶν
193 3911 242 3976 οὖν
254 3923 360 3976 τούτων
372 3925 427 3976 τῶν
440 3925 526 3992 Myos
540 3907 717 3993 ὕπορβάντος
731 3927 783 3992 τὴν
799 3923 964 3990 αἴσθησιν
977 3923 1024 3972 rot
1039 3923 1209 3992 παριδόντες

123 4017 229 4087 αὐτὴν,
238 4015 273 4078 ὦς
282 4019 321 4085 τῷ
332 4017 416 4088 λόγῳ
427 4021 493 4072 δέον
503 4017 686 4080 ἀκολουθεῖν,
698 4009 772 4070 εἷναί
782 4031 847 4079 uuus
857 4017 889 4067 τὸ
901 4017 957 4068 ννᾶν
969 4011 998 4068 ἲν
1010 4017 1206 4084 ealdelmus.

121 4109 205 4168 Quem
222 4107 309 4162 locum
326 4107 394 4162 intro
412 4109 490 4162 etism
509 4117 653 4178 tangemur.

173 4191 221 4262 ΙΙ.
1020 4214 1063 4264 ιο
