2870 4824
446 391 519 436 vrrs
542 391 581 436 nr
605 394 729 438 srunrs.
752 423 757 432 .
1083 371 1128 436 25

78 557 133 642 est3
154 545 259 646 idqrie
284 549 493 649 propagavit
518 551 626 626 etiam
650 549 737 641 ille,
762 574 873 650 quem
898 549 1004 623 modo
1027 548 1125 643 dixi,
1217 579 1219 587 ·

77 653 150 723 Timo
173 664 187 722 ὁ
211 657 436 754 Σιλλόγραφος,
465 657 525 729 cui
558 681 677 757 quum
717 657 946 756 Xenophanis
976 681 1127 755 persona

76 761 198 834 maxime
219 761 348 835 idonea
370 762 575 858 videretur,
599 765 700 838 hunc
719 765 759 836 in
784 766 942 838 carmine
969 763 1127 862 quodam

75 868 189 940 induxit
225 871 407 969 principes
433 869 654 945 Graecorum
689 873 899 970 scriptores,
932 879 1054 970 po'e'tas
1090 883 1128 946 et

74 972 282 1072 philosophos,
296 977 543 1074 increpantem
554 976 590 1050 ⁵⁴.
600 979 696 1052 Haec
712 1005 798 1054 vero
809 978 976 1052 nonnulli
991 979 1128 1076 opinati

72 1091 134 1150 sont
148 1079 188 1152 ab
211 1083 289 1178 ipso
303 1082 523 1180 Xenophane
541 1085 741 1182 praedicata
755 1111 846 1180 esse,
866 1097 909 1158 ut
922 1083 1068 1156 Proclus
1081 1085 1128 1159 ad

72 1185 180 1258 Hesiod.
202 1185 269 1283 ἔργ.
298 1219 330 1258 α.
355 1215 389 1286 p.
418 1187 479 1289 67.
506 1190 563 1264 ed.
589 1192 710 1264 Heins.
741 1195 900 1292 Ξενοφάνης
923 1195 971 1263 διὰ
998 1191 1034 1270 δή
1062 1218 1128 1262 τινα

71 1297 118 1387 πρὶς
140 1297 194 1370 τοὺς
219 1289 296 1363 καθ’
322 1301 406 1366 αὑτὸν
434 1300 591 1396 φιλοσόφως
614 1291 665 1369 nai
695 1307 809 1381 ποιητὰς
839 1304 1030 1395 μικρψυχίαν
1054 1299 1127 1366 ml-

72 1399 1126 1504 toorertrooaeaemarte'yarmnazareoroapitootpovaat

70 1525 219 1586 carnaco.
248 1507 334 1602 Quo
350 1508 438 1582 hacc
454 1510 524 1591 alio
547 1514 729 1610 pertinere
755 1524 922 1610 possunt,
946 1537 1057 1609 quam
1081 1509 1127 1586 ad

72 1610 192 1686 Timonis
216 1615 340 1709 sillos‚
366 1644 455 1717 quos
474 1618 537 1692 ille
555 1619 683 1694 callide
703 1620 862 1718 profecto
885 1619 931 1692 ab
956 1621 1036 1718 ipso
1056 1619 1126 1692 Xe-

71 1720 202 1817 nophane
218 1724 334 1797 editos
348 1728 500 1823 putarit.
519 1727 763 1821 Quamobrem
779 1753 896 1826 quum
919 1727 1033 1821 hujus
1054 1725 1126 1801 silli

72 1841 311 1922 memorentur,
330 1857 402 1902 non
428 1832 584 1906 dubium
608 1834 778 1922 videtur,
795 1846 860 1909 aut
878 1859 919 1907 ea
936 1833 1126 1931 significari

70 1937 192 2009 carmina
215 1938 354 2037 quibus
379 1941 579 2014 Homerum
608 1939 738 2015 aliosve
763 1941 955 2012 insectatus
975 1942 1040 2032 sit,
1060 1953 1127 2012 aut
1163 2002 1167 2010 ,

69 2039 189 2116 Timonis
214 2073 343 2122 versus
370 2047 620 2147 intelligendos
647 2074 749 2142 esse,
787 2049 908 2146 ipsum
943 2073 1027 2122 vero
1060 2047 1126 2120 sil·-

68 2143 156 2220 lomm
172 2179 290 2251 genus
302 2165 339 2228 et
349 2179 483 2228 nomen
495 2154 709 2254 Xenophani
722 2157 876 2255 ejusque
893 2154 1002 2228 aetati
1017 2154 1125 2228 fuisse

68 2253 209 2352 ignotum.

100 2370 253 2464 Παρῳδαί
265 2369 341 2447 sive
357 2375 543 2470 Παρῳδιάι
553 2370 589 2466 ⁵⁵,
603 2398 692 2472 quas
702 2371 756 2444 illi
768 2371 979 2446 Athenaeus
989 2369 1123 2443 adscri-

67 2466 118 2561 bit,
139 2475 314 2550 dicuntur
338 2483 494 2552 carmina
523 2507 567 2554 ex
596 2480 743 2554 alterius
762 2481 928 2552 carminis
952 2477 1124 2551 similitu-

66 2573 125 2650 dine
148 2582 194 2654 ita
220 2609 412 2682 expressa,
440 2598 483 2658 ut
508 2611 744 2684 personarum
772 2610 888 2658 mores
916 2581 974 2659 vel
991 2583 1123 2657 dictae

67 2683 130 2756 serio
140 2687 175 2760 in
190 2690 392 2764 ridiculum
409 2704 676 2764 convertantur.
691 2693 884 2765 Auctorem
903 2690 1034 2762 horum
1048 2715 1123 2761 car-

66 2791 175 2867 minum
191 2797 406 2873 Aristoteles
428 2801 515 2872 dicit
538 2808 759 2896 Heqemonem
775 2801 901 2891 fuisse,
917 2797 1124 2896 Epicharmi

67 2902 219 2997 aequalem
241 2905 288 3000 ⁵⁶3
314 2907 528 3005 Xenophani
551 2921 675 2980 autem
700 2934 774 2980 non
799 2907 927 3002 majori
950 2909 1034 3001 jure
1060 2907 1124 2976 tri·
1176 2927 1180 2938 ·

67 2999 108 3075 bui
122 3025 268 3106 possunt
284 3039 394 3113 quam
415 3013 508 3107 silli,
533 3040 553 3086 a
578 3013 712 3113 quibus
733 3013 795 3086 illa
821 3038 955 3112 genere
980 3037 1118 3109 parum

68 3127 139 3186 enm
162 3118 303 3194 diversa
329 3147 337 3193 ε
362 3147 447 3194 nam
472 3133 674 3219 utrumque
696 3146 810 3220 genus
833 3121 948 3192 serius
971 3119 1122 3192 demum

69 3216 342 3320 tiliaventum,
369 3241 491 3301 tamen
516 3229 701 3301 artificiose
726 3227 964 3326 compositum
992 3237 1030 3298 et
1050 3250 1122 3300 ,no-

68 3325 135 3401 mine
151 3330 362 3407 distinctum
386 3335 494 3407 fuisse
515 3333 699 3433 probabile
721 3347 783 3407 est.
810 3335 944 3406 Tamen
970 3331 1059 3404 haec
1079 3355 1121 3403 eo

66 3436 240 3536 pertusant,
261 3454 305 3515 ut
325 3440 591 3542 intelligamus,
619 3441 880 3541 Xenophanem
898 3441 939 3514 in
954 3436 1120 3513 carmini-

92 3693 144 3780 (54)
162 3703 229 3767 vid.
252 3705 371 3786 Diogen.
393 3705 485 3782 Luem,
506 3706 571 3784 IX,
601 3728 666 3768 ιιι.

91 3793 143 3877 (55)
162 3796 194 3860 ln
219 3801 366 3862 Athenaeo
386 3803 548 3864 inconstans
570 3815 612 3863 est
631 3804 779 3883 scriptura.
805 3799 874 3864 vid.
896 3799 957 3860 loca
978 3807 1076 3858 motata
1099 3817 1116 3857 a

66 3875 182 3951 Diodorfio
200 3893 232 3952 im
250 3891 387 3953 Athenaei
406 3891 529 3955 editione
552 3893 585 3956 L.
604 3894 651 3966 11,
672 3915 701 3976 p.
722 3891 771 3971 54.
789 3892 825 3952 E·

66 3981 279 4136 ,ffissriston
297 3991 333 4052 de
353 3992 420 4053 Arte
434 3995 500 4073 poe't
514 4013 538 4053 o.
558 3993 606 4070 II,
628 4003 656 4054 et
673 4011 742 4072 quae
757 3989 794 4052 ad
813 3989 843 4052 h.
862 3989 881 4053 l.
902 3989 1122 4074 annotatGrae-

161 4099 187 4160 p.
208 4084 259 4144 32.
588 4101 591 4110 ’
