2870 4824
297 337 339 400 12
598 317 603 324 ’
740 351 932 398 moeremus

292 535 367 586 osse
390 521 550 587 versatus
574 535 582 580 :
607 533 692 581 nam
720 519 758 582 et
782 513 926 581 Batonis
949 503 1139 602 cujusdam
1160 505 1381 578 Athenien-

291 614 338 690 sis
363 617 464 714 (etsi
492 616 604 713 hujus
628 641 677 688 ne
706 640 838 688 nomen
862 612 1011 713 quidem
1044 623 1180 684 constat
1212 611 1271 712 ²⁰)
1295 637 1383 684 eum

295 722 497 797 auditorem
513 724 621 795 fuisse
643 723 787 813 ferunt,
807 734 844 794 et
858 721 995 794 dictum
1010 721 1090 814 ejus
1106 717 1296 817 quoddam
1312 743 1384 791 me-

292 842 455 902 moratur
467 829 512 902 ad
530 837 658 901 Lusum
672 835 977 913 Hermioaeusem,
995 824 1280 899 celeberrimum
1298 850 1384 895 mu-

292 937 417 1028 sicum,
432 936 497 1034 qui
511 935 656 1008 Athenis
668 935 766 1032 apud
782 934 1031 1032 Hipparchum
1048 932 1148 1007 vixit.
1160 931 1383 1004 Plutarchus

291 1068 377 1120 vero
403 1044 512 1116 etiam
539 1043 679 1116 dictum
705 1045 785 1136 ejus
814 1042 858 1114 ad
887 1043 1072 1136 Aeqyptios
1098 1039 1209 1112 refert
1243 1065 1252 1110 :
1284 1037 1384 1110 unde

291 1151 409 1250 colligi
436 1163 576 1249 posset,
601 1151 695 1224 hanc
720 1175 868 1250 quoque
892 1153 1076 1248 regionem
1105 1148 1215 1221 fuisse
1245 1145 1294 1219 ab
1323 1143 1384 1218 illo

293 1263 547 1362 perlustratam
562 1273 597 1334 ²¹.
628 1263 698 1336 Sed
724 1261 935 1358 hujusmodi
958 1261 1182 1353 testimonia,
1209 1284 1310 1359 quae
1331 1259 1384 1331 in-

293 1381 391 1444 certa
409 1381 446 1442 et
462 1367 579 1442 lallaci
593 1370 786 1442 hominum
807 1369 899 1440 fama
918 1369 1100 1460 nitantur,
1121 1393 1235 1466 quam
1254 1391 1385 1464 parum

294 1487 404 1574 atque
423 1476 511 1548 adeo
527 1474 618 1547 nihil
638 1475 797 1550 habeant
815 1476 1037 1548 auctoritatis
1061 1499 1117 1546 res
1138 1475 1214 1570 ipsa
1235 1473 1381 1546 indicat.

294 1581 520 1655 Probabilius
545 1595 619 1676 est,
641 1582 904 1681 Xenophanem
931 1583 971 1653 in
995 1582 1120 1680 Magna
1142 1578 1295 1653 Graecia
1324 1606 1383 1678 po·

293 1690 471 1762 tissimum
496 1715 570 1763 esse
595 1702 791 1782 versatum,
810 1715 904 1788 qnae
922 1689 1019 1787 regio
1036 1689 1168 1760 Ionum
1188 1699 1383 1760 consuetu-

295 1795 381 1868 dine
394 1808 431 1868 et
445 1793 593 1867 coloniis
611 1807 692 1867 tum
711 1797 866 1868 maxime
886 1797 1114 1893 frequentata
1133 1805 1222 1867 erat.
1245 1793 1383 1865 Harum

294 1901 485 1978 civitatum
519 1901 718 1976 nonnullae
752 1927 869 2000 quum
898 1929 918 1973 a
948 1901 1109 2000 tyrannis
1138 1913 1381 1991 tenerentur,

294 2035 453 2109 quorum
473 2008 592 2081 Sicilia
608 2035 751 2107 semper
772 2010 843 2081 fuit
859 2008 1096 2100 feracissima,
1125 2033 1199 2080 non
1221 2009 1381 2098 mirum,

295 2115 429 2188 horum
444 2141 591 2213 quoque
616 2141 732 2189 mores
751 2127 788 2187 et
807 2115 925 2188 studia
948 2115 1210 2213 Xenophanem
1227 2141 1304 2187 esse
1320 2139 1382 2186 er-

295 2233 443 2320 pertum
470 2247 545 2295 :eo
571 2233 669 2294 certe
698 2208 855 2295 refertur
878 2221 1019 2294 dictum
1043 2221 1228 2321 quoddam
1253 2249 1273 2292 a
1301 2220 1382 2319 qni-

296 2327 450 2401 busdam
475 2329 510 2400 ei
541 2329 746 2420 tributum,
774 2353 848 2428 quo
874 2327 982 2424 jubet
1013 2351 1069 2408 τοῖς
1100 2341 1244 2426 τυράννοις
1279 2337 1381 2422 ἐντυγ-

297 2447 422 2530 χάνειν,
457 2433 476 2517 ἢ
515 2449 553 2516 ὡς
581 2438 695 2526 ἥκιςα,
721 2436 741 2520 ἢ
764 2449 802 2516 ὡς
829 2438 920 2520 3le
934 2447 968 2506 ²².
998 2435 1092 2507 Hinc
1122 2435 1225 2508 facile
1250 2435 1382 2507 factum

297 2542 462 2631 videtur,
477 2553 521 2613 ut
534 2543 719 2635 nonnulli,
736 2541 801 2640 qui
822 2554 983 2640 tempora
997 2542 1284 2635 confunderent,
1301 2564 1382 2614 eum

297 2647 397 2747 apud
422 2654 608 2721 Hieronem
630 2649 812 2750 Syracusis
834 2663 1015 2724 versatum
1041 2663 1184 2724 etcum
1209 2649 1382 2750 Agrigen-

298 2757 376 2829 tino
403 2757 606 2851 Empedoole
639 2757 859 2832 collocutum
890 2769 1063 2856 putarent
1087 2757 1121 2832 ²³.
1150 2759 1275 2832 Postea
1302 2781 1382 2834 vero

336 2967 403 3050 (πο)
423 2969 541 3049 Diogen.
562 2969 583 3030 l.
603 2971 621 3031 l.
645 2973 672 3032 ir
691 2973 806 3048 Ζάγκλῃ
832 2983 882 3041 τῖς
911 2969 1042 3034 Σικελία
1064 2970 1191 3054 delapsas
1212 2970 1261 3034 nel
1287 2973 1312 3034 ἰν
1331 2985 1382 3031 Κι-

298 3063 380 3136 u'rp·
401 3057 535 3128 desistore
556 3059 593 3123 dl
624 3067 692 3125 κατ’
718 3063 798 3126 s’u'eos
824 3061 874 3142 peis
907 3063 1034 3140 eo'dsro‘s,
1069 3067 1138 3125 κατ’
1172 3061 1256 3126 s'u'oos
1279 3061 1315 3124 ds*
1339 3060 1381 3121 Bi·

303 3174 382 3216 ausos
407 3147 562 3218 Ἀθηναίου.

340 3242 401 3324 (ar)
423 3241 583 3319 Utrumque
594 3241 700 3303 dictum
710 3245 784 3304 infra
794 3243 875 3304 retuli
885 3246 915 3304 in
926 3245 1029 3325 fragm.
1040 3242 1173 3308 XXXIV
1196 3256 1225 3304 et
1243 3239 1379 3304 XXXVI·

234 3403 236 3410 Α
341 3333 402 3414 (aa)
426 3328 499 3388 lbid.
524 3329 666 3393 XXXIX.

340 3424 403 3505 (23)
423 3417 554 3481 Hieronis
584 3423 690 3484 dictum
714 3445 781 3484 mox
806 3423 1014 3484 memorabitur.
1042 3425 1133 3499 Quam
1160 3423 1248 3484 multa
1273 3425 1304 3481 in
1332 3418 1380 3477 boc

300 3533 402 3597 genere
426 3533 442 3570 a
467 3514 649 3593 scriptoribus
671 3517 774 3596 partim
798 3513 864 3574 ficta
882 3516 984 3596 partim
1004 3515 1120 3574 confusa
1138 3515 1195 3573 siut
1206 3559 1215 3589 ,
1239 3531 1322 3572 nemo
1342 3508 1381 3585 ig·

300 3616 394 3666 norat.
422 3601 521 3661 Unum
546 3595 656 3664 tantum
685 3603 843 3686 exemplum
867 3603 1046 3679 memorabo,
1066 3603 1133 3672 hnic
1158 3625 1214 3664 non
1242 3598 1381 3664 dissimile.

300 3692 454 3754 Stesichori
470 3691 608 3768 tabulam,
621 3715 704 3773 quam
721 3695 767 3754 ille
784 3697 815 3754 iu
827 3696 1028 3755 Phaloridam
1046 3707 1198 3776 tyrannum
1217 3693 1302 3766 fecit,
1322 3705 1380 3746 auc-

301 3794 362 3844 tore
381 3785 530 3846 Aristotele
551 3783 634 3844 Rhet.
656 3785 703 3859 11,
726 3805 765 3845 ao
784 3787 833 3861 ‚in
857 3789 998 3846 Gelonem
1018 3787 1152 3846 transfert
1172 3785 1271 3844 Conon
1281 3827 1290 3856 ,
1312 3779 1380 3839 Nar·

301 3885 355 3934 rat.
378 3871 427 3952 da.
449 3878 497 3954 qui
515 3875 609 3936 multis
629 3877 712 3936 anuis
736 3876 792 3935 fuit
811 3877 909 3938 serior.
930 3879 1034 3937 Rerum
1056 3873 1209 3936 similitudo
1229 3885 1379 3953 temporum

303 3965 462 4026 confusioni
484 3966 575 4026 locum
593 3965 682 4028 dedit.
704 3965 890 4049 Xenophanis
910 3967 1018 4029 dictum
1036 3967 1072 4027 ad
1092 3963 1288 4048 Empedoclem
1303 3956 1380 4022 retuli

302 4053 334 4114 in
351 4054 451 4135 fragm.
464 4053 626 4154 [XXXVII.
