2966 4824
286 986 357 1052 ΒΕ
379 985 715 1056 renuentum
738 989 1108 1060 nurnosonm.

646 1273 665 1356 ς
689 1273 722 1335 ι.

575 1503 799 1568 monstrum

191 1701 373 1778 Hactenus
392 1703 430 1778 in
451 1703 719 1804 interpretando
736 1706 957 1782 Parmenidis
975 1707 1132 1782 carmine
1149 1732 1228 1807 ope·

140 1849 220 1896 ram
247 1823 430 1917 dedimus,
455 1840 500 1904 ut
527 1826 666 1928 singula
690 1826 768 1927 ejus
785 1825 877 1900 dicta
894 1827 1123 1928 singulasque
1139 1851 1227 1904 sen·

138 1947 269 2020 tentiae
296 1962 460 2022 aoourate
483 1948 767 2048 explicaremns3
783 1931 862 2048 'jam
884 1947 1050 2046 deinoeps
1075 1947 1227 2022 Parme·

139 2066 284 2140 uideam
314 2065 572 2169 philosophiam
598 2094 765 2142 enarrare
790 2067 891 2142 nobis
913 2069 1134 2169 propositum
1155 2082 1226 2156 est,

139 2189 212 2280 ito,
237 2203 280 2262 ut
305 2187 421 2288 ipsius
450 2192 604 2265 rationes
630 2204 666 2264 et
687 2189 813 2290 placita
835 2189 960 2266 ordine
985 2215 1227 2290 exponamus,

137 2335 256 2410 eaque
275 2311 521 2410 comparandis
543 2325 581 2386 et
606 2297 812 2414 aequalium
836 2310 1127 2412 philosophomm
1150 2311 1226 2410 plo-

139 2430 244 2522 oitis,
261 2446 299 2508 et
319 2433 493 2508 seriorum
512 2434 724 2532 scriptorum
745 2445 782 2508 et
804 2435 1044 2532 interpretum
1066 2433 1226 2528 testimo-

136 2553 206 2626 niis
226 2579 266 2626 ac
284 2551 439 2652 judiciis,
462 2568 643 2655 quantum
658 2553 732 2628 lieri
752 2555 876 2656 possit,
902 2551 1134 2628 illustremus.

185 2673 381 2748 Ordiamur
405 2703 426 2747 a
447 2675 650 2772 prooemio,
668 2699 743 2774 quo
766 2687 940 2776 tanquam
962 2672 1064 2748 ulitu
1086 2674 1162 2774 ipse
1177 2675 1226 2748 in

136 2795 344 2868 interiorem
373 2821 437 2870 nos
457 2793 717 2894 philosophiam
744 2795 855 2871 ducit.
905 2795 1019 2898 Cujus
1050 2795 1226 2898 &mosius

137 2931 175 2990 et
193 2943 319 2990 sensus
338 2941 456 3016 quum
482 2913 669 3014 nonnullis
689 2915 847 3014 partibus
863 2917 908 2990 sit
928 2903 1125 3010 ohscurior,
1151 2941 1225 2992 nou

135 3036 300 3112 alienum
315 3037 386 3111 erit
404 3063 584 3112 summam
608 3039 733 3136 paucis
753 3037 992 3112 adumbrare.

186 3160 294 3234 Poeta
330 3161 510 3259 generosis
532 3185 569 3234 se
602 3171 747 3234 vectum
786 3160 888 3258 equis
922 3157 1073 3232 sublime
1105 3153 1223 3234 efferri

135 3281 236 3379 fingit
267 3281 311 3355 ad
341 3281 520 3380 templum
546 3282 641 3354 Deae
669 3306 767 3380 quae
797 3305 922 3353 rerum
951 3303 1077 3351 arcana
1111 3289 1220 3352 tenet.

115 3403 209 3480 ‚Iter
231 3402 447 3504 ingredienti
464 3401 574 3475 duces
596 3424 634 3472 se
654 3399 827 3500 praebent
847 3397 1008 3472 Heliades
1028 3395 1222 3497 nymphae,

134 3551 250 3624 quae,
275 3525 396 3598 relicta
414 3521 647 3599 tenebrarum
675 3521 838 3622 regione,
864 3545 948 3594 mox
972 3544 1058 3594 eum
1075 3519 1119 3590 'in
1134 3515 1223 3591 lucis
1268 3525 1272 3534 '

136 3645 236 3721 viam
257 3647 419 3721 educunt
435 3671 658 3745 cursumque
676 3643 847 3744 dirigunt.
877 3643 933 3716 Sic
953 3639 1092 3718 volante
1109 3665 1222 3740 ourru

130 3769 172 3840 in
196 3767 315 3842 locum
336 3769 534 3850 devenere,
558 3779 686 3864 partes
703 3763 769 3836 nbi
791 3791 832 3837 se
856 3765 920 3837 via
929 3761 1049 3862 findit
1072 3763 1112 3834 in
1137 3787 1221 3836 um-

133 3889 201 3963 bos
227 3903 268 3983 ¹,
316 3917 473 3992 quarum
504 3915 578 3963 una
615 3887 724 3981 lucis,
766 3885 875 3961 altera
908 3886 1018 3960 noctis
1058 3886 1113 3963 via
1148 3895 1219 3976 est5

76 4097 79 4104 ’
165 4109 206 4175 (ι)
241 4105 373 4174 Virgilius.
