2942 4830
457 395 460 400 '
557 367 794 454 dumosorum.
1162 389 1225 455 269

157 567 329 642 desiderio
357 595 426 676 seu
449 561 601 668 penuria
625 563 786 670 (ἐλλείψει
804 576 926 670 τροφῆς
943 574 999 664 rio
1016 573 1129 672 ὄρεξιν)
1149 583 1227 646 ¹⁴¹.

156 687 263 781 Quod
283 691 311 762 si
331 705 425 764 recte
444 689 596 797 relatum
614 694 677 783 sit,
709 693 758 764 sic
777 694 1099 790 interpretandum:
1113 711 1229 799 quan-

158 809 204 883 do
226 811 485 887 elementorum
506 811 625 912 aliqua
649 836 729 912 pars
751 811 944 909 effluxerit,
972 815 1113 890 turbotd
1134 833 1229 892 tem·

156 933 275 1028 perie,
298 933 462 1006 exsistere
479 929 693 1006 desiderium
709 934 810 1008 istius
826 931 981 1032 jacturae
998 937 1229 1035 reparandae3

156 1051 242 1125 hinc
273 1050 481 1150 cupiditates
514 1053 619 1126 nasci.
675 1054 732 1127 Ex
764 1053 818 1128 hie
849 1067 970 1128 nutem
999 1055 1071 1155 jam
1101 1056 1229 1131 elanus

156 1199 362 1276 cognoscere
386 1171 490 1264 licet,'
509 1187 545 1248 et
562 1174 692 1275 qualia·
704 1201 827 1250 rerum
847 1177 1017 1277 principia
1031 1190 1067 1250 et
1084 1177 1229 1275 qualem

158 1297 323 1370 animum
339 1293 405 1368 sibi
420 1295 664 1371 informaverit
684 1297 922 1372 Parmenides.
956 1290 1056 1372 Nam’
1068 1325 1185 1398 quum
1208 1325 1229 1371 a

156 1432 306 1492 naturae
317 1417 501 1490 elementis
510 1417 751 1508 cntnia,etiam
763 1419 882 1510 vitam,
893 1443 1037 1493 sensum
1048 1433 1230 1494 mentem·
1244 1425 1247 1434 '

156 1565 230 1640 que
246 1551 444 1636 repeteret,
462 1551 608 1634 apparet
626 1563 711 1611 eum
727 1537 902 1612 elemento
913 1563 986 1612 non
998 1537 1229 1612 considerasse

156 1671 327 1760 tanquam
343 1657 484 1758 pondus
502 1659 597 1732 iners
620 1673 657 1732 et
677 1659 859 1731 materiam
878 1659 1086 1748 informem,
1106 1661 1229 1732 sensus

129 1769 356 1879 expertem,
394 1779 455 1854 sed
486 1781 557 1854 vita
587 1780 777 1878 animaque
806 1779 1022 1879 praeditam3
1067 1783 1229 1855 animum

155 1915 298 1993 autem,
334 1927 446 2002 quem
478 1899 601 1973 iisdem
635 1898 818 1973 elementis
853 1899 1045 1976 conflatum
1078 1902 1228 1992 diceret,

153 2049 229 2096 non
250 2023 315 2096 sud
344 2021 569 2122 propridque
582 2021 713 2094 neturd
737 2035 948 2096 contentum
971 2035 1134 2121 putasse,
1168 2021 1229 2096 sed

157 2144 295 2218 mundo
316 2143 498 2244 rebusque
517 2143 692 2242 corporeis
713 2157 903 2241 cognatum
924 2157 961 2218 et
981 2144 1141 2218 similem.

205 2267 267 2340 His
288 2265 423 2367 placitis
440 2289 534 2366 quae
564 2280 797 2338 consentanea
819 2267 907 2356 sint,
931 2265 1033 2339 fam'le
1053 2281 1106 2340 est
1125 2267 1231 2342 intel·

152 2391 261 2464 lectu.
311 2386 403 2460 Nam
424 2412 542 2486 quum
564 2387 647 2484 ipsis
666 2385 849 2461 elementis
871 2387 981 2460 vitam
999 2388 1228 2489 animamque

151 2508 339 2600 indiderit,
360 2533 406 2582 ex
427 2507 481 2579 his
511 2519 632 2578 autem
649 2509 767 2579 omnia
789 2507 860 2582 sint
879 2505 1044 2599 conflate,
1065 2509 1229 2608 sequitur

152 2645 197 2705 ut
218 2629 307 2703 nihil
325 2630 370 2703 sit
392 2629 430 2702 in
455 2653 578 2702 rerum
606 2641 734 2700 notura
759 2653 903 2725 prorsus
930 2629 1152 2720 inanimum,
1168 2630 1229 2704 sed

152 2753 305 2826 animate
326 2753 397 2823 'sint
415 2750 545 2824 omnia.
596 2748 700 2841 Quae
717 2749 836 2846 opinio
855 2749 1007 2822 concinit
1026 2775 1111 2823 cum
1133 2751 1229 2823 mot·

151 2887 271 2946 torum
289 2885 474 2964 veterum,
489 2883 563 2943 tom
582 2873 770 2968 poetarum
794 2895 905 2968 quam
925 2869 1128 2965 doctorum,
1143 2897 1229 2946 sen*

151 2994 282 3084 tentia,
316 2994 381 3094 qui
404 3017 526 3066 omnes
561 3016 617 3064 res
646 2989 845 3083 naturum,
876 2991 1033 3089 plantas,
1062 2991 1228 3084 arborem

152 3112 304 3207 fluvios,
340 3142 444 3206 saxa,
479 3114 581 3213 quasi
614 3113 784 3186 animatas
807 3137 881 3186 esse
903 3123 982 3204 ¹⁴2,
1000 3114 1227 3214 animamque

153 3261 218 3334 per
240 3237 452 3310 universum
473 3231 655 3308 mundum
679 3247 801 3331 patere
822 3233 1007 3332 putabant.
1057 3235 1113 3307 Sic
1137 3261 1228 3335 quo·

152 3381 225 3455 que
247 3355 475 3429 Parmenides
493 3355 652 3444 censuit,
677 3353 769 3426 nihil
792 3379 935 3454 prorsus
956 3379 1029 3428 esse
1049 3356 1228 3429 inanima-

151 3489 252 3568 tum,
276 3475 338 3549 sed
363 3475 540 3578 quidquid
558 3477 603 3549 sit
626 3478 663 3550 in
692 3501 816 3549 rerum
838 3493 990 3574 natura,
1021 3502 1130 3550 sensu
1161 3503 1227 3552 va-

150 3595 242 3691 lere3
267 3621 412 3672 sensum
436 3611 557 3672 nutem
579 3598 679 3672 hune
701 3624 767 3697 pro
789 3599 886 3672 sarid
909 3599 1077 3672 materiae
1100 3595 1228 3670 eondi-

149 3719 246 3791 tione
261 3719 358 3794 varie
377 3743 453 3792 esse
471 3733 710 3820 temperatum
727 3721 897 3820 varieque
914 3735 1090 3820 agentem.
1116 3717 1226 3810 Quod

182 3917 252 3978 (rur)
285 3915 342 3969 Vid.
354 3917 457 3971 Stcbnei
469 3917 603 3988 Appendix
619 3917 658 3972 ed.
672 3917 749 3971 Gaios.
767 3935 794 3988 p.
816 3933 854 3981 72.

183 4003 255 4075 (ιω)
289 4007 387 4058 Notum
410 4015 450 4059 est
472 4008 535 4062 itud
552 4009 686 4070 sonatis.
702 4009 747 4079 qui
770 4017 932 4093 nannetem,
951 4007 1011 4078 quia
1030 4006 1128 4060 terrum
1149 4008 1180 4058 ad
1200 4022 1227 4060 u

154 4097 257 4160 trehet,
272 4095 413 4150 enimatum
432 4095 503 4152 dixit.
537 4099 594 4152 ud
610 4097 776 4164 Uentidius,
787 4098 823 4150 Ι.Ι.
838 4097 898 4161 ί67
909 4100 943 4160 Ας
956 4097 1056 4163 aliique.
