2840 4820
470 364 685 408 rmuooorura.
1056 345 1117 410 127

72 514 186 590 mulnsa
208 525 244 586 et
266 513 455 588 obscurata
480 525 590 608 sunt,
631 513 728 612 quod
753 525 796 588 ut
814 515 853 586 in
871 511 1018 613 singulis
1040 539 1118 612 par-

70 620 143 692 tibus
162 621 345 717 apparant,
359 619 522 694 similiter
538 621 583 694 ad
601 634 711 692 totam
732 622 914 718 pertinere
930 621 1119 718 Xenopha-

68 727 107 800 nis
126 725 381 825 philosophiam
404 753 485 800 mox
510 727 768 819 indicabimus3
785 727 855 802 sed
875 729 975 826 prius
1013 752 1120 802 omne

66 833 115 906 hoo
134 849 388 932 argumentum
414 837 533 932 patrois
560 835 915 934 comprehendamus.

484 1038 613 1120 to.

95 1225 312 1323 Propositum
346 1252 428 1324 ergo
460 1223 680 1326 Xenophani
721 1227 791 1298 luit
819 1225 864 1299 de
898 1227 974 1301 Deo
1010 1249 1118 1328 quae.

61 1357 139 1420 rere,
165 1334 237 1408 sive
268 1333 317 1406 de
346 1336 382 1406 vi
410 1333 470 1406 illa
498 1360 608 1432 quam
641 1360 714 1408 esse
745 1345 782 1406 et
810 1358 919 1431 quam
945 1333 1120 1412 excellere

60 1439 198 1512 omnihus
217 1453 332 1540 atque
353 1440 526 1512 dominari
545 1442 680 1512 statuit.
702 1441 748 1512 Et
768 1465 841 1514 esse
865 1439 1011 1540 quidem
1029 1441 1121 1516 hanc

58 1559 197 1616 naturam
229 1543 443 1644 simpliciter
475 1547 629 1646 postulat
666 1545 769 1620 nulla
810 1573 895 1620 usus
926 1573 1122 1648 argumen-

58 1651 187 1722 tatione:
203 1679 281 1724 esse
301 1655 416 1744 enim,
439 1655 608 1750 quoniam
627 1679 668 1726 eo
689 1667 839 1754 excepto
858 1651 948 1726 nihil
966 1653 1121 1726 hahetur

57 1761 201 1848 omuino;
228 1761 410 1832 dominari
439 1775 585 1854 autem,
611 1763 788 1864 quoniam,
809 1763 896 1834 haec
921 1763 971 1835 vis
995 1775 1047 1834 est
1072 1761 1121 1835 di·

56 1863 109 1936 riui
131 1863 305 1936 numinis.
335 1867 389 1936 Ex
423 1867 476 1938 his
499 1882 621 1938 autem
654 1868 797 1938 duobus
825 1867 940 1938 omnis
969 1871 1048 1962 ejus
1075 1867 1120 1942 de

54 1966 108 2040 lleo
132 1973 398 2071 argumentatio
428 1985 508 2070 apta
539 1985 591 2045 est
618 1974 679 2044 :si
707 1973 806 2044 enim
837 1984 912 2064 est,
939 1973 1120 2072 ingenitus

54 2073 124 2150 idem
141 2093 176 2152 et
193 2093 368 2153 aeternus
385 2083 429 2152 sit
449 2107 590 2154 necesse
607 2093 660 2153 est
675 2110 684 2174 3
703 2081 732 2152 si
755 2077 981 2171 dominatur,
1002 2105 1121 2152 unum

54 2187 176 2256 omnino
207 2213 287 2258 esse
317 2187 435 2260 Deum
467 2200 638 2287 oportet,
667 2211 741 2258 nou
774 2185 933 2280 multos3
966 2187 995 2257 si
1024 2212 1121 2259 unus

54 2303 105 2381 est,
131 2293 232 2366 omni
265 2317 312 2365 ex
345 2303 446 2390 parte
482 2291 748 2364 eundem.esse
788 2293 919 2390 suique
952 2291 1117 2365 similem.

53 2391 125 2468 llaec
159 2397 206 2470 de
231 2397 312 2470 Deo
345 2398 508 2488 censuit3
531 2411 668 2472 caetera
697 2409 819 2469 autem
851 2421 944 2496 quae
982 2398 1121 2494 praedi-

52 2505 103 2574 tari
132 2505 281 2596 solent,
319 2517 398 2576 tum
431 2505 614 2576 inlinitum
643 2517 679 2577 et
703 2502 899 2592 inmobile,
932 2515 1011 2576 tum
1043 2518 1120 2578 ter-

51 2609 206 2682 minatum
226 2625 266 2684 et
286 2611 428 2704 mobile,
455 2639 495 2686 ea
528 2625 592 2683 aut
618 2637 690 2682 non
711 2637 783 2683 esse
798 2627 857 2681 aut
872 2607 986 2681 multa
1012 2609 1119 2704 dixit3

50 2737 142 2816 ergoa
159 2717 288 2790 divina
307 2730 432 2792 natura
455 2717 686 2812 abjudicavit.
707 2715 791 2790 Tota
816 2717 904 2790 haec
926 2715 1014 2789 ratio
1038 2716 1118 2792 bre-

50 2819 120 2892 riter
141 2825 191 2894 ita
219 2825 332 2921 possit
355 2823 538 2897 describi:

1 3029 2 3087 Ῠ
47 3031 236 3118 (adiutoria)
504 3053 519 3112 ὁ
548 3045 651 3124 Θεός
929 3039 1119 3125 (rria'mria)

403 3162 450 3248 ἐ’ςι
646 3177 779 3264 optram
851 3151 864 3342 ξ
932 3227 1020 3294 πλείω

401 3279 533 3364 ἀγένητος
644 3275 683 3350 ais
1024 3279 1031 3292 '

399 3382 546 3458 ἀὲῶατος
644 3387 732 3472 ὁμοῖος
749 3389 843 3473 πάντῃ

399 3489 491 3564 auos.
639 3487 825 3586 σφαιροειδής.

58 3588 165 3687 ἄπειρον
903 3604 1117 3691 “mpwl‘ilw
1186 3647 1187 3650 ¹

59 3716 191 3789 ἕαίνητον.
908 3718 1075 3803 κινούμενον.

1 3255 2 3294 1
62 3219 145 3307 μὴόν.

79 3917 270 3995 Cernimus
298 3923 334 3994 in
363 3921 417 3994 his
446 3925 548 3998 initia
578 3929 657 4024 ejus
683 3927 851 4021 rationis,
880 3953 974 4026 quae
1002 3955 1022 4002 a
1053 3956 1117 4006 ve-

41 4023 162 4100 teribus
183 4029 317 4102 eximie
336 4029 560 4134 Philosophia
581 4037 670 4110 item
685 4035 921 4135 Metaphysioa
936 4036 1116 4138 appellata
