2942 4830
276 371 339 445 tll
660 397 709 446 nn
731 393 949 450 rtunrtmrs

234 645 239 656 ,
275 567 387 663 ἀραιοῦ
420 567 493 641 sive
532 563 691 652 lucidae,
724 587 835 663 quam
874 561 1046 636 Stobaeus
1086 561 1238 660 primum
1268 585 1349 634 me-

274 700 407 778 morat,
432 683 557 784 procul
580 683 690 759 dubie
711 683 835 758 eadem
857 697 910 757 est
934 707 1044 782 quam
1066 681 1188 754 Cicero
1213 680 1351 780 signifi-

274 821 350 899 cat,
385 806 523 880 dicens:
559 833 577 876 ιι
595 807 822 882 Parmenides
858 805 1141 880 commentitium
1175 802 1349 903 quiddam

274 953 457 1000 »coronae
476 927 593 999 simile
617 927 745 1016 efficit,
766 927 935 1024 στεφάνην
954 923 1125 1024 appellat,
1145 926 1352 998 continente

271 1048 432 1122 »ardore
467 1049 556 1122 lucis
589 1047 712 1124 orbem
735 1052 801 1150 qui
825 1049 935 1148 cingit
957 1045 1097 1120 coelum
1112 1075 1122 1140 3
1140 1069 1256 1146 quesn
1281 1069 1349 1142 ap·

240 1187 244 1196 ⁴
273 1167 416 1266 »pellat
441 1167 582 1242 Deurn”
602 1177 657 1240 ⁷0.
715 1169 821 1243 Orbis
840 1169 897 1242 hic
921 1169 1066 1268 cingens
1094 1167 1232 1242 coelum
1261 1159 1350 1266 quid

193 1295 202 1306 '
244 1269 249 1280 ⁸
273 1287 370 1362 aliud
390 1303 442 1362 est
456 1315 566 1389 ᾳιιιιιιι
586 1315 712 1364 corona
729 1291 799 1384 illa,
816 1303 970 1364 meteres
985 1313 1109 1362 omnes
1128 1286 1267 1361 ambitu
1285 1311 1351 1360 suc

270 1409 469 1484 includens.
520 1414 615 1510 Ergo
639 1411 869 1486 Parmenides
890 1409 1073 1484 mundum
1092 1409 1240 1484 ardente
1261 1407 1350 1482 luds

269 1517 396 1604 corona
418 1545 623 1632 tanquam
645 1559 767 1606 muro
793 1531 948 1632 (τείχους
974 1529 1075 1628 δίκην)
1096 1531 1223 1629 sepsit3
1249 1529 1345 1602 umi-
1442 1547 1448 1564 ·

163 1667 167 1676 '
269 1650 350 1724 liter
372 1677 486 1750 paene
511 1665 566 1724 ut'
581 1667 660 1752 post
686 1677 774 1728 eum
801 1654 923 1746 Plato,
943 1653 1160 1753 antiquiores
1181 1663 1348 1738 secutus,
1461 1707 1463 1714 .

270 1773 407 1846 mundo
441 1775 673 1849 circumdedit
696 1781 766 1871 Φῶς
790 1772 970 1871 idolerum
995 1783 1053 1848 τοῦ
1080 1776 1209 1871 οὐρανοῦ
1230 1776 1347 1848 πᾶσιν

268 1894 409 1994 §cclxvi
431 1895 487 1984 rto
508 1895 687 1995 περιφοράν
711 1906 769 1972 ⁷¹.
829 1899 977 1998 Τεῖχους
999 1910 1129 1969 nutem
1153 1893 1346 1968 similitudo

267 2013 492 2114 probabiliter
520 2015 564 2093 ab
595 2019 669 2117 ipso
697 2019 907 2093 Parmenide
940 2017 1116 2116 prolecta,
1149 2042 1222 2116 qua
1258 2039 1346 2087 usus

265 2136 309 2208 sit
321 2138 475 2235 poetice,
496 2140 588 2213 sicut
597 2139 841 2236 flammantia
861 2143 1007 2214 moenia
1027 2136 1155 2210 usundi
1171 2137 1257 2209 dicit
1267 2137 1347 2208 Lu-

178 2345 185 2364 1
265 2259 415 2350 cretius,
432 2261 610 2334 Graecum
626 2260 782 2362 aliquem
797 2261 1097 2360 poeumforusse
1116 2259 1277 2332 imitatus
1290 2263 1344 2329 ⁷²·
1462 2279 1463 2336 ξ

264 2471 426 2528 stabilem
442 2485 469 2529 et
493 2477 602 2530 solidum
628 2479 769 2546 significat,
790 2480 843 2531 eive
858 2489 888 2532 ut
904 2479 994 2532 Cicero
1009 2477 1087 2542 dicit,
1102 2476 1182 2526 ιιιῦιιι
1197 2475 1343 2524 continente

264 2561 291 2622 (i.
304 2579 325 2614 e.
339 2579 390 2614 non
409 2565 571 2636 interrupto)
589 2571 680 2620 ardon
701 2573 775 2622 lucin
791 2568 858 2621 hanc
880 2571 947 2622 enim
968 2569 1109 2622 lectionem
1127 2563 1303 2644 connubio
1319 2569 1345 2614 et

263 2649 391 2704 llceclbio
410 2657 531 2723 praefero
546 2658 679 2724 vulgatae.
699 2663 868 2711 continentem
885 2661 975 2710 ardore
988 2659 1008 2708 *l

297 2741 355 2806 (7⁰)
389 2745 478 2796 Cicero
490 2746 522 2798 de
533 2749 591 2800 Nat.
605 2751 679 2801 [teor.
691 2753 719 2813 1,
731 2765 756 2801 ιι
768 2769 776 2813 ;
786 2753 858 2816 cujus
867 2747 917 2798 loci
926 2763 1015 2799 oeneus
1024 2747 1164 2816 plerosque
1171 2741 1343 2812 interpreter,

262 2829 400 2893 Delicium,
413 2835 577 2901 Crencerum,
593 2839 739 2893 fleetenurn
747 2879 754 2901 ,
762 2839 837 2897 alios,
847 2835 947 2896 fefellit,
958 2845 1079 2905 putentes
1088 2835 1192 2906 quippe.
1205 2836 1343 2902 secedere

262 2918 328 2971 benc
340 2923 448 2976 eandem
464 2943 605 2998 essequam
619 2929 743 2982 Stobaeus
757 2931 773 2980 l.
783 2931 799 2982 l.
815 2931 938 2993 δαίμονα
948 2927 1069 2998 appellat.
1104 2931 1135 2978 tt
1148 2925 1212 2978 baec
1224 2928 1251 2977 in
1262 2925 1342 2978 medic

262 3010 334 3062 coelo
347 3015 479 3080 punitura
493 3018 620 3080 Stobaeo,
632 3019 673 3071 illu
687 3021 788 3072 coelum
800 3023 905 3087 cingere
916 3019 1037 3071 dicituro
1052 3017 1184 3068 Cicerone.
1202 3015 1343 3068 Discrimen

261 3097 312 3150 lroc
324 3117 374 3151 non
386 3103 450 3169 fugit
467 3106 630 3168 Brundisium.
644 3111 680 3177 (p.
699 3108 759 3171 rba,
772 3125 798 3159 n.
815 3111 865 3175 t.);
877 3109 920 3160 sed
932 3111 1081 3161 Ciceronem
1096 3105 1183 3158 umber
1195 3105 1254 3156 itta·
1267 3120 1340 3156 coro·

261 3191 1344 3265 nespermiscuisseputabut,eredenenimirumpolambenc,queemediumobtinet.

260 3282 344 3335 Deum
355 3301 418 3336 esse.
444 3285 518 3337 Unde
528 3303 590 3338 vero
601 3297 763 3355 compertum
777 3287 876 3343 lubuit,
888 3303 941 3338 non
951 3299 1096 3355 supremam
1106 3299 1210 3353 quoque
1218 3297 1341 3334 coronent

259 3371 343 3424 Deum
356 3389 370 3423 a
382 3373 534 3426 Parmenide
546 3385 662 3428 vocatam
675 3375 750 3428 eesel'
776 3379 941 3430 Contrarium
951 3377 1037 3445 potius
1047 3391 1079 3425 ex
1089 3373 1150 3442 ipris
1161 3371 1200 3422 bis
1211 3371 1351 3424 ciccum

260 3461 346 3513 verbio
363 3461 445 3527 colligi
457 3471 548 3532 potest
582 3463 664 3515 Porro
681 3465 785 3517 Bnndie
801 3465 916 3518 lucidum
925 3465 997 3516 illum
1008 3463 1110 3524 orbern.
1126 3461 1170 3530 qui
1186 3461 1339 3514 adicem

260 3549 363 3615 cingere
381 3549 496 3614 eoelum,
506 3557 524 3603 i.
535 3569 557 3604 e.
569 3567 719 3622 supremum
734 3553 820 3605 locum
831 3563 920 3606 tenere
931 3553 1044 3609 dicitur,
1055 3552 1110 3621 ipse
1119 3545 1230 3602 colloca
1239 3550 1289 3602 sub
1299 3566 1340 3612 ec.
1460 3533 1461 3590 l

260 3638 305 3708 qui
325 3640 393 3690 muri
408 3641 489 3691 instar
506 3639 621 3712 reliquos
639 3642 774 3696 continere
792 3661 808 3695 a
827 3643 939 3696 stobaec
961 3643 1066 3696 dicitur:
1082 3656 1157 3694 error
1175 3639 1237 3693 inde
1256 3649 1338 3700 natus.
1345 3614 1369 3729 Ι

260 3725 331 3795 quod
343 3729 383 3779 br.
397 3729 520 3781 extimum
534 3729 604 3784 bunc
620 3732 712 3787 urbm
731 3750 783 3786 non
795 3735 854 3787 luce
871 3733 917 3786 sed
928 3734 1001 3786 terrd
1018 3731 1158 3784 ὀοιιῆιιιιιιι
1179 3731 1338 3800 opinabatur·

260 3816 357 3868 Verum
375 3816 439 3869 vidit
453 3818 609 3886 coacturus,
624 3824 651 3875 in
660 3827 808 3879 Δ(ἶιιιιιιιιειιι.
816 3825 850 3878 de
861 3813 925 3878 rut
942 3823 1074 3893 διίησι.
1084 3829 1150 3875 extr.
1161 3837 1222 3873 cm
1232 3837 1299 3892 quo·
1312 3819 1336 3869 ἰ·

258 3902 311 3956 boe
322 3905 440 3976 quidem,
451 3923 508 3960 nice
522 3911 705 3982 interpretatio
716 3916 840 3978 concinit.

293 3995 351 4060 (γι)
383 3997 455 4051 Plato
472 3999 505 4052 de
522 4001 586 4070 Περ.
604 4003 646 4066 X,
666 4023 694 4074 p.
711 4005 768 4060 ere

291 4087 345 4150 (γι)
380 4087 514 4142 Lucretius
530 4091 585 4144 lib.
602 4095 633 4157 1,
654 4111 690 4148 ιι.
712 4097 752 4161 76.
