<?xml version="1.0" encoding="UTF-8"?>
<!DOCTYPE html PUBLIC "-//W3C//DTD XHTML 1.0 Transitional//EN"
    "http://www.w3.org/TR/xhtml1/DTD/xhtml1-transitional.dtd">
<html xmlns="http://www.w3.org/1999/xhtml" xml:lang="en" lang="en">
 <head>
  <title>
</title>
<meta http-equiv="Content-Type" content="text/html;charset=utf-8" />
  <meta name='ocr-system' content='tesseract 3.04.00' />
  <meta name='ocr-capabilities' content='ocr_page ocr_carea ocr_par ocr_line ocrx_word'/>
</head>
<body>
  <div class='ocr_page' id='page_1' title='image "./philosophorumgr01xenogoog_0219.png"; bbox 0 0 2924 4820; ppageno 0'>
   <div class='ocr_carea' id='block_1_1' title="bbox 499 366 1141 448">
    <p class='ocr_par' dir='ltr' id='par_1_1' title="bbox 499 366 1141 448">
     <span class='ocr_line' id='line_1_1' title="bbox 499 366 1141 448; baseline -0.02 -19"><span class='ocrx_word' id='word_1_1' title='bbox 499 383 723 448; x_wconf 59' lang='lat' dir='ltr'><strong>represserunt.</strong></span> <span class='ocrx_word' id='word_1_2' title='bbox 1079 366 1141 431; x_wconf 83' lang='lat'><strong>183</strong></span> 
     </span>
    </p>
   </div>
   <div class='ocr_carea' id='block_1_2' title="bbox 67 530 1203 2548">
    <p class='ocr_par' dir='ltr' id='par_1_2' title="bbox 67 530 1203 2548">
     <span class='ocr_line' id='line_1_2' title="bbox 76 530 1142 632; baseline 0.008 -33"><span class='ocrx_word' id='word_1_3' title='bbox 76 533 150 621; x_wconf 73' lang='grc' dir='ltr'><em>μηδὲν</em></span> <span class='ocrx_word' id='word_1_4' title='bbox 163 530 239 603; x_wconf 75' lang='grc' dir='ltr'><em>εἶναι</em></span> <span class='ocrx_word' id='word_1_5' title='bbox 254 545 306 616; x_wconf 79' lang='grc' dir='ltr'><strong>τὴν</strong></span> <span class='ocrx_word' id='word_1_6' title='bbox 324 546 498 632; x_wconf 81' lang='grc' dir='ltr'><em>εἱμαρμένην</em></span> <span class='ocrx_word' id='word_1_7' title='bbox 513 531 603 626; x_wconf 62' lang='grc' dir='ltr'>ὅλως,</span> <span class='ocrx_word' id='word_1_8' title='bbox 618 532 687 608; x_wconf 76' lang='grc' dir='ltr'>ἀλλ’</span> <span class='ocrx_word' id='word_1_9' title='bbox 701 534 772 606; x_wconf 77' lang='grc' dir='ltr'><em>εἶναι</em></span> <span class='ocrx_word' id='word_1_10' title='bbox 786 545 865 608; x_wconf 83' lang='grc' dir='ltr'><em>κενὸν</em></span> <span class='ocrx_word' id='word_1_11' title='bbox 881 549 957 607; x_wconf 77' lang='grc' dir='ltr'><strong>τοῦτο</strong></span> <span class='ocrx_word' id='word_1_12' title='bbox 971 539 1102 631; x_wconf 73' lang='grc' dir='ltr'><em>τοῦνομα.</em></span> <span class='ocrx_word' id='word_1_13' title='bbox 1118 549 1142 588; x_wconf 83' lang='lat'><strong>⁹⁷</strong></span> 
     </span>
     <span class='ocr_line' id='line_1_3' title="bbox 76 637 1138 739; baseline 0.007 -32"><span class='ocrx_word' id='word_1_14' title='bbox 76 637 182 725; x_wconf 87' lang='lat' dir='ltr'><strong>Quam</strong></span> <span class='ocrx_word' id='word_1_15' title='bbox 193 639 241 712; x_wconf 95' lang='lat' dir='ltr'><strong>ob</strong></span> <span class='ocrx_word' id='word_1_16' title='bbox 248 667 404 713; x_wconf 87' lang='lat' dir='ltr'><strong>caussam</strong></span> <span class='ocrx_word' id='word_1_17' title='bbox 416 641 477 714; x_wconf 91' lang='lat' dir='ltr'><strong>ille</strong></span> <span class='ocrx_word' id='word_1_18' title='bbox 490 668 509 713; x_wconf 81' lang='lat' dir='ltr'><strong>a</strong></span> <span class='ocrx_word' id='word_1_19' title='bbox 522 643 703 714; x_wconf 86' lang='lat' dir='ltr'><strong>veteribus</strong></span> <span class='ocrx_word' id='word_1_20' title='bbox 711 643 804 722; x_wconf 63' lang='grc' dir='ltr'><em>ἄθεος</em></span> <span class='ocrx_word' id='word_1_21' title='bbox 814 642 995 739; x_wconf 86' lang='lat' dir='ltr'><strong>judicatus</strong></span> <span class='ocrx_word' id='word_1_22' title='bbox 1006 657 1069 716; x_wconf 90' lang='lat' dir='ltr'><strong>est.</strong></span> <span class='ocrx_word' id='word_1_23' title='bbox 1077 646 1138 737; x_wconf 91' lang='lat' dir='ltr'><strong>At,</strong></span> 
     </span>
     <span class='ocr_line' id='line_1_4' title="bbox 75 743 1203 850; baseline 0.01 -37"><span class='ocrx_word' id='word_1_24' title='bbox 75 743 205 838; x_wconf 87' lang='lat' dir='ltr'><strong>objiciat</strong></span> <span class='ocrx_word' id='word_1_25' title='bbox 227 745 381 845; x_wconf 85' lang='lat' dir='ltr'><strong>aliquis,</strong></span> <span class='ocrx_word' id='word_1_26' title='bbox 408 761 554 846; x_wconf 88' lang='lat' dir='ltr'><strong>propter</strong></span> <span class='ocrx_word' id='word_1_27' title='bbox 578 749 645 842; x_wconf 89' lang='lat' dir='ltr'><strong>hoo</strong></span> <span class='ocrx_word' id='word_1_28' title='bbox 666 751 808 848; x_wconf 88' lang='lat' dir='ltr'><strong>ipsum,</strong></span> <span class='ocrx_word' id='word_1_29' title='bbox 834 750 932 848; x_wconf 92' lang='lat' dir='ltr'><strong>quod</strong></span> <span class='ocrx_word' id='word_1_30' title='bbox 955 751 1139 850; x_wconf 81' lang='lat' dir='ltr'><strong>Anaxago·</strong></span> <span class='ocrx_word' id='word_1_31' title='bbox 1201 797 1203 799; x_wconf 95' lang='lat'>-</span> 
     </span>
     <span class='ocr_line' id='line_1_5' title="bbox 74 852 1139 951; baseline 0.009 -30"><span class='ocrx_word' id='word_1_32' title='bbox 74 875 117 922; x_wconf 88' lang='lat' dir='ltr'><strong>ras</strong></span> <span class='ocrx_word' id='word_1_33' title='bbox 140 852 235 932; x_wconf 66' lang='grc' dir='ltr'><strong>ἔθεος</strong></span> <span class='ocrx_word' id='word_1_34' title='bbox 263 853 389 927; x_wconf 88' lang='lat' dir='ltr'><strong>dictus·</strong></span> <span class='ocrx_word' id='word_1_35' title='bbox 407 869 525 948; x_wconf 87' lang='lat' dir='ltr'><strong>esset,</strong></span> <span class='ocrx_word' id='word_1_36' title='bbox 556 856 678 930; x_wconf 87' lang='lat' dir='ltr'><strong>Cicero</strong></span> <span class='ocrx_word' id='word_1_37' title='bbox 704 857 924 929; x_wconf 88' lang='lat' dir='ltr'><strong>mentionem</strong></span> <span class='ocrx_word' id='word_1_38' title='bbox 943 860 1033 951; x_wconf 78' lang='lat' dir='ltr'><strong>&#39;ejus</strong></span> <span class='ocrx_word' id='word_1_39' title='bbox 1064 883 1139 931; x_wconf 92' lang='lat' dir='ltr'><strong>non</strong></span> 
     </span>
     <span class='ocr_line' id='line_1_6' title="bbox 71 957 1139 1061; baseline 0.008 -34"><span class='ocrx_word' id='word_1_40' title='bbox 71 957 165 1052; x_wconf 87' lang='lat' dir='ltr'><strong>lecit,</strong></span> <span class='ocrx_word' id='word_1_41' title='bbox 194 972 231 1032; x_wconf 91' lang='lat' dir='ltr'><strong>et</strong></span> <span class='ocrx_word' id='word_1_42' title='bbox 265 961 522 1058; x_wconf 79' lang='lat' dir='ltr'>Xenophanem</span> <span class='ocrx_word' id='word_1_43' title='bbox 546 976 719 1036; x_wconf 89' lang='lat' dir='ltr'><strong>memorat</strong></span> <span class='ocrx_word' id='word_1_44' title='bbox 733 975 787 1036; x_wconf 82' lang='lat' dir='ltr'><strong>ut</strong></span> <span class='ocrx_word' id='word_1_45' title='bbox 824 987 943 1036; x_wconf 90' lang='lat' dir='ltr'><strong>unum</strong></span> <span class='ocrx_word' id='word_1_46' title='bbox 962 964 1027 1061; x_wconf 90' lang='lat' dir='ltr'><strong>qui</strong></span> <span class='ocrx_word' id='word_1_47' title='bbox 1047 963 1139 1038; x_wconf 88' lang='lat' dir='ltr'>Deos</span> 
     </span>
     <span class='ocr_line' id='line_1_7' title="bbox 71 1067 1138 1168; baseline 0.006 -30"><span class='ocrx_word' id='word_1_48' title='bbox 71 1091 132 1138; x_wconf 86' lang='lat' dir='ltr'><strong>esse</strong></span> <span class='ocrx_word' id='word_1_49' title='bbox 164 1067 329 1158; x_wconf 84' lang='lat' dir='ltr'><strong>diceret,</strong></span> <span class='ocrx_word' id='word_1_50' title='bbox 362 1069 619 1142; x_wconf 83' lang='lat' dir='ltr'><strong>divinationem</strong></span> <span class='ocrx_word' id='word_1_51' title='bbox 656 1069 808 1144; x_wconf 87' lang='lat' dir='ltr'><strong>tolleret.</strong></span> <span class='ocrx_word' id='word_1_52' title='bbox 841 1071 891 1142; x_wconf 86' lang='lat' dir='ltr'><strong>At</strong></span> <span class='ocrx_word' id='word_1_53' title='bbox 926 1095 1015 1168; x_wconf 89' lang='lat' dir='ltr'><strong>quos</strong></span> <span class='ocrx_word' id='word_1_54' title='bbox 1047 1071 1138 1144; x_wconf 85' lang='lat' dir='ltr'>Deos</span> 
     </span>
     <span class='ocr_line' id='line_1_8' title="bbox 69 1169 1137 1274; baseline 0.007 -32"><span class='ocrx_word' id='word_1_55' title='bbox 69 1169 149 1242; x_wconf 77' lang='lat' dir='ltr'><strong>dixit</strong></span> <span class='ocrx_word' id='word_1_56' title='bbox 180 1173 448 1272; x_wconf 78' lang='lat' dir='ltr'><strong>Xenophanes?</strong></span> <span class='ocrx_word' id='word_1_57' title='bbox 472 1200 544 1247; x_wconf 91' lang='lat' dir='ltr'><strong>non</strong></span> <span class='ocrx_word' id='word_1_58' title='bbox 568 1202 626 1249; x_wconf 87' lang='lat' dir='ltr'><strong>eos</strong></span> <span class='ocrx_word' id='word_1_59' title='bbox 653 1188 750 1250; x_wconf 89' lang='lat' dir='ltr'><strong>certo</strong></span> <span class='ocrx_word' id='word_1_60' title='bbox 774 1199 864 1274; x_wconf 91' lang='lat' dir='ltr'><strong>quos</strong></span> <span class='ocrx_word' id='word_1_61' title='bbox 888 1175 1020 1274; x_wconf 82' lang='lat' dir='ltr'><strong>vulgus</strong></span> <span class='ocrx_word' id='word_1_62' title='bbox 1044 1175 1137 1250; x_wconf 88' lang='lat' dir='ltr'><strong>cole-</strong></span> 
     </span>
     <span class='ocr_line' id='line_1_9' title="bbox 69 1279 1137 1379; baseline 0.009 -34"><span class='ocrx_word' id='word_1_63' title='bbox 69 1291 138 1366; x_wconf 86' lang='lat' dir='ltr'><strong>ret,</strong></span> <span class='ocrx_word' id='word_1_64' title='bbox 171 1279 232 1351; x_wconf 86' lang='lat' dir='ltr'><strong>sed</strong></span> <span class='ocrx_word' id='word_1_65' title='bbox 261 1305 380 1352; x_wconf 90' lang='lat' dir='ltr'><strong>unum</strong></span> <span class='ocrx_word' id='word_1_66' title='bbox 412 1281 530 1353; x_wconf 89' lang='lat' dir='ltr'><strong>Deum</strong></span> <span class='ocrx_word' id='word_1_67' title='bbox 560 1283 815 1379; x_wconf 80' lang='lat' dir='ltr'><strong>praestantiore</strong></span> <span class='ocrx_word' id='word_1_68' title='bbox 844 1295 985 1354; x_wconf 89' lang='lat' dir='ltr'><strong>natura.</strong></span> <span class='ocrx_word' id='word_1_69' title='bbox 1017 1281 1137 1354; x_wconf 86' lang='lat' dir='ltr'><strong>Talem</strong></span> 
     </span>
     <span class='ocr_line' id='line_1_10' title="bbox 67 1383 1135 1484; baseline 0.003 -29"><span class='ocrx_word' id='word_1_70' title='bbox 67 1408 141 1455; x_wconf 85' lang='lat' dir='ltr'><strong>vero</strong></span> <span class='ocrx_word' id='word_1_71' title='bbox 167 1383 324 1460; x_wconf 90' lang='lat' dir='ltr'><strong>divinam</strong></span> <span class='ocrx_word' id='word_1_72' title='bbox 347 1397 514 1458; x_wconf 88' lang='lat' dir='ltr'><strong>naturam</strong></span> <span class='ocrx_word' id='word_1_73' title='bbox 535 1389 642 1458; x_wconf 87' lang='lat' dir='ltr'><strong>etiam</strong></span> <span class='ocrx_word' id='word_1_74' title='bbox 667 1391 884 1484; x_wconf 81' lang='lat' dir='ltr'><strong>Anaxagoras</strong></span> <span class='ocrx_word' id='word_1_75' title='bbox 907 1411 981 1460; x_wconf 86' lang='lat' dir='ltr'><strong>esse</strong></span> <span class='ocrx_word' id='word_1_76' title='bbox 1006 1386 1135 1482; x_wconf 84' lang='lat' dir='ltr'><strong>voluit,</strong></span> 
     </span>
     <span class='ocr_line' id='line_1_11' title="bbox 67 1491 1135 1591; baseline 0.004 -32"><span class='ocrx_word' id='word_1_77' title='bbox 67 1501 216 1560; x_wconf 86' lang='lat' dir='ltr'><strong>mentem</strong></span> <span class='ocrx_word' id='word_1_78' title='bbox 242 1491 448 1587; x_wconf 85' lang='lat' dir='ltr'><strong>praedicans</strong></span> <span class='ocrx_word' id='word_1_79' title='bbox 476 1493 586 1564; x_wconf 89' lang='lat' dir='ltr'><strong>totius</strong></span> <span class='ocrx_word' id='word_1_80' title='bbox 614 1493 743 1564; x_wconf 93' lang='lat' dir='ltr'><strong>mundi</strong></span> <span class='ocrx_word' id='word_1_81' title='bbox 774 1493 974 1590; x_wconf 86' lang='lat' dir='ltr'><strong>principem</strong></span> <span class='ocrx_word' id='word_1_82' title='bbox 1004 1505 1041 1566; x_wconf 91' lang='lat' dir='ltr'><strong>et</strong></span> <span class='ocrx_word' id='word_1_83' title='bbox 1066 1519 1135 1591; x_wconf 84' lang='lat' dir='ltr'><strong>gu-</strong></span> 
     </span>
     <span class='ocr_line' id='line_1_12' title="bbox 67 1593 1137 1697; baseline 0.006 -32"><span class='ocrx_word' id='word_1_84' title='bbox 67 1593 293 1668; x_wconf 87' lang='lat' dir='ltr'><strong>bernatorem.</strong></span> <span class='ocrx_word' id='word_1_85' title='bbox 325 1595 569 1690; x_wconf 86' lang='lat' dir='ltr'><strong>Quamobrem</strong></span> <span class='ocrx_word' id='word_1_86' title='bbox 600 1599 629 1669; x_wconf 93' lang='lat' dir='ltr'><strong>si</strong></span> <span class='ocrx_word' id='word_1_87' title='bbox 658 1598 717 1671; x_wconf 87' lang='lat' dir='ltr'><strong>hio</strong></span> <span class='ocrx_word' id='word_1_88' title='bbox 746 1599 837 1672; x_wconf 85' lang='lat' dir='ltr'><strong>Deos</strong></span> <span class='ocrx_word' id='word_1_89' title='bbox 867 1623 1010 1697; x_wconf 85' lang='lat' dir='ltr'><strong>negasse</strong></span> <span class='ocrx_word' id='word_1_90' title='bbox 1035 1597 1137 1671; x_wconf 86' lang='lat' dir='ltr'><strong>dica-</strong></span> 
     </span>
     <span class='ocr_line' id='line_1_13' title="bbox 68 1703 1132 1803; baseline 0.006 -29"><span class='ocrx_word' id='word_1_91' title='bbox 68 1712 139 1794; x_wconf 86' lang='lat' dir='ltr'><strong>tur,</strong></span> <span class='ocrx_word' id='word_1_92' title='bbox 164 1703 262 1776; x_wconf 91' lang='lat' dir='ltr'><strong>idem</strong></span> <span class='ocrx_word' id='word_1_93' title='bbox 292 1703 337 1778; x_wconf 89' lang='lat' dir='ltr'><strong>de</strong></span> <span class='ocrx_word' id='word_1_94' title='bbox 363 1703 426 1775; x_wconf 88' lang='lat' dir='ltr'><strong>illo</strong></span> <span class='ocrx_word' id='word_1_95' title='bbox 449 1717 539 1777; x_wconf 83' lang='lat' dir='ltr'><strong>esset</strong></span> <span class='ocrx_word' id='word_1_96' title='bbox 562 1705 781 1796; x_wconf 84' lang='lat' dir='ltr'><strong>dicendum3</strong></span> <span class='ocrx_word' id='word_1_97' title='bbox 810 1730 930 1803; x_wconf 89' lang='lat' dir='ltr'><strong>neque</strong></span> <span class='ocrx_word' id='word_1_98' title='bbox 956 1729 1040 1782; x_wconf 84' lang='lat' dir='ltr'><strong>vero</strong></span> <span class='ocrx_word' id='word_1_99' title='bbox 1063 1705 1132 1780; x_wconf 85' lang='lat' dir='ltr'><strong>Xe-</strong></span> 
     </span>
     <span class='ocr_line' id='line_1_14' title="bbox 67 1809 1135 1909; baseline 0.006 -31"><span class='ocrx_word' id='word_1_100' title='bbox 67 1809 253 1905; x_wconf 88' lang='lat' dir='ltr'><strong>nophanes,</strong></span> <span class='ocrx_word' id='word_1_101' title='bbox 270 1811 302 1881; x_wconf 90' lang='lat' dir='ltr'><strong>si</strong></span> <span class='ocrx_word' id='word_1_102' title='bbox 319 1810 575 1886; x_wconf 87' lang='lat' dir='ltr'><strong>divinationem</strong></span> <span class='ocrx_word' id='word_1_103' title='bbox 597 1809 805 1900; x_wconf 87' lang='lat' dir='ltr'><strong>sustulisset,</strong></span> <span class='ocrx_word' id='word_1_104' title='bbox 829 1818 918 1882; x_wconf 64' lang='grc' dir='ltr'><strong>ἀθέω</strong></span> <span class='ocrx_word' id='word_1_105' title='bbox 939 1835 1135 1909; x_wconf 86' lang='lat' dir='ltr'><strong>cognomen</strong></span> 
     </span>
     <span class='ocr_line' id='line_1_15' title="bbox 68 1914 1133 2016; baseline 0.005 -31"><span class='ocrx_word' id='word_1_106' title='bbox 68 1914 157 1987; x_wconf 86' lang='lat' dir='ltr'><strong>facile</strong></span> <span class='ocrx_word' id='word_1_107' title='bbox 171 1916 360 2016; x_wconf 85' lang='lat' dir='ltr'><strong>effugisset.</strong></span> <span class='ocrx_word' id='word_1_108' title='bbox 385 1919 513 2016; x_wconf 87' lang='lat' dir='ltr'><strong>Itaque</strong></span> <span class='ocrx_word' id='word_1_109' title='bbox 533 1915 715 2015; x_wconf 88' lang='lat' dir='ltr'><strong>probabile</strong></span> <span class='ocrx_word' id='word_1_110' title='bbox 738 1929 812 2004; x_wconf 87' lang='lat' dir='ltr'><strong>est,</strong></span> <span class='ocrx_word' id='word_1_111' title='bbox 835 1915 1044 1989; x_wconf 85' lang='lat' dir='ltr'><strong>Ciceronem</strong></span> <span class='ocrx_word' id='word_1_112' title='bbox 1064 1943 1133 1990; x_wconf 84' lang='lat' dir='ltr'><strong>am·</strong></span> 
     </span>
     <span class='ocr_line' id='line_1_16' title="bbox 68 2019 1134 2114; baseline 0.002 -22"><span class='ocrx_word' id='word_1_113' title='bbox 68 2019 186 2094; x_wconf 89' lang='lat' dir='ltr'><strong>borum</strong></span> <span class='ocrx_word' id='word_1_114' title='bbox 208 2023 353 2096; x_wconf 89' lang='lat' dir='ltr'><strong>nomina</strong></span> <span class='ocrx_word' id='word_1_115' title='bbox 378 2024 473 2096; x_wconf 86' lang='lat' dir='ltr'><strong>inter</strong></span> <span class='ocrx_word' id='word_1_116' title='bbox 497 2049 534 2095; x_wconf 91' lang='lat' dir='ltr'><strong>se</strong></span> <span class='ocrx_word' id='word_1_117' title='bbox 561 2024 781 2114; x_wconf 74' lang='lat' dir='ltr'><strong>confudisse,</strong></span> <span class='ocrx_word' id='word_1_118' title='bbox 810 2023 867 2094; x_wconf 81' lang='lat' dir='ltr'><strong>uti</strong></span> <span class='ocrx_word' id='word_1_119' title='bbox 896 2022 1000 2093; x_wconf 91' lang='lat' dir='ltr'><strong>modo</strong></span> <span class='ocrx_word' id='word_1_120' title='bbox 1025 2023 1134 2094; x_wconf 88' lang='lat' dir='ltr'><strong>etiam</strong></span> 
     </span>
     <span class='ocr_line' id='line_1_17' title="bbox 68 2119 1130 2226; baseline 0.001 -27"><span class='ocrx_word' id='word_1_121' title='bbox 68 2131 99 2200; x_wconf 92' lang='lat' dir='ltr'><strong>in</strong></span> <span class='ocrx_word' id='word_1_122' title='bbox 119 2127 249 2226; x_wconf 85' lang='lat' dir='ltr'><strong>placito</strong></span> <span class='ocrx_word' id='word_1_123' title='bbox 270 2119 315 2202; x_wconf 87' lang='lat' dir='ltr'><strong>de</strong></span> <span class='ocrx_word' id='word_1_124' title='bbox 339 2129 426 2202; x_wconf 89' lang='lat' dir='ltr'><strong>luna</strong></span> <span class='ocrx_word' id='word_1_125' title='bbox 452 2130 640 2203; x_wconf 87' lang='lat' dir='ltr'><strong>referendo</strong></span> <span class='ocrx_word' id='word_1_126' title='bbox 663 2155 750 2202; x_wconf 89' lang='lat' dir='ltr'><strong>eum</strong></span> <span class='ocrx_word' id='word_1_127' title='bbox 773 2129 893 2202; x_wconf 88' lang='lat' dir='ltr'><strong>fecisse</strong></span> <span class='ocrx_word' id='word_1_128' title='bbox 919 2127 1072 2202; x_wconf 86' lang='lat' dir='ltr'><strong>vidimus</strong></span> <span class='ocrx_word' id='word_1_129' title='bbox 1095 2127 1130 2200; x_wconf 82' lang='lat'><strong>⁹⁸.</strong></span> 
     </span>
     <span class='ocr_line' id='line_1_18' title="bbox 68 2235 1133 2334; baseline 0.001 -29"><span class='ocrx_word' id='word_1_130' title='bbox 68 2235 267 2334; x_wconf 79' lang='lat' dir='ltr'><strong>Xenophani</strong></span> <span class='ocrx_word' id='word_1_131' title='bbox 301 2249 398 2310; x_wconf 87' lang='lat' dir='ltr'><strong>certe</strong></span> <span class='ocrx_word' id='word_1_132' title='bbox 417 2237 505 2310; x_wconf 86' lang='lat' dir='ltr'><strong>haec</strong></span> <span class='ocrx_word' id='word_1_133' title='bbox 539 2237 743 2326; x_wconf 86' lang='lat' dir='ltr'><strong>sententia,</strong></span> <span class='ocrx_word' id='word_1_134' title='bbox 778 2237 944 2334; x_wconf 81' lang='lat' dir='ltr'><strong>quamvis</strong></span> <span class='ocrx_word' id='word_1_135' title='bbox 976 2235 1021 2308; x_wconf 93' lang='lat' dir='ltr'><strong>ab</strong></span> <span class='ocrx_word' id='word_1_136' title='bbox 1054 2237 1133 2328; x_wconf 90' lang='lat' dir='ltr'><strong>ejus</strong></span> 
     </span>
     <span class='ocr_line' id='line_1_19' title="bbox 68 2341 1133 2431; baseline -0.002 -19"><span class='ocrx_word' id='word_1_137' title='bbox 68 2355 177 2416; x_wconf 85' lang='lat' dir='ltr'><strong>mente</strong></span> <span class='ocrx_word' id='word_1_138' title='bbox 202 2368 276 2414; x_wconf 92' lang='lat' dir='ltr'><strong>non</strong></span> <span class='ocrx_word' id='word_1_139' title='bbox 306 2341 422 2416; x_wconf 84' lang='lat' dir='ltr'><strong>aliena</strong></span> <span class='ocrx_word' id='word_1_140' title='bbox 451 2343 583 2431; x_wconf 84' lang='lat' dir='ltr'><strong>fuerit,</strong></span> <span class='ocrx_word' id='word_1_141' title='bbox 608 2342 743 2416; x_wconf 89' lang='lat' dir='ltr'><strong>idoneis</strong></span> <span class='ocrx_word' id='word_1_142' title='bbox 773 2354 895 2416; x_wconf 89' lang='lat' dir='ltr'><strong>tamen</strong></span> <span class='ocrx_word' id='word_1_143' title='bbox 925 2341 1133 2416; x_wconf 86' lang='lat' dir='ltr'><strong>testimoniis</strong></span> 
     </span>
     <span class='ocr_line' id='line_1_20' title="bbox 67 2449 415 2548; baseline 0.006 -31"><span class='ocrx_word' id='word_1_144' title='bbox 67 2449 165 2523; x_wconf 84' lang='lat' dir='ltr'><strong>tribui</strong></span> <span class='ocrx_word' id='word_1_145' title='bbox 190 2475 263 2522; x_wconf 92' lang='lat' dir='ltr'><strong>non</strong></span> <span class='ocrx_word' id='word_1_146' title='bbox 289 2461 415 2548; x_wconf 90' lang='lat' dir='ltr'><strong>potest.</strong></span> 
     </span>
    </p>
   </div>
   <div class='ocr_carea' id='block_1_3' title="bbox 66 2637 1131 2854">
    <p class='ocr_par' dir='ltr' id='par_1_3' title="bbox 66 2637 1131 2854">
     <span class='ocr_line' id='line_1_21' title="bbox 97 2637 1129 2765; baseline -0.003 -21"><span class='ocrx_word' id='word_1_147' title='bbox 97 2683 158 2765; x_wconf 83' lang='lat'><strong>(97)</strong></span> <span class='ocrx_word' id='word_1_148' title='bbox 180 2682 248 2743; x_wconf 83' lang='lat' dir='ltr'><strong>vid.</strong></span> <span class='ocrx_word' id='word_1_149' title='bbox 263 2683 342 2744; x_wconf 82' lang='lat' dir='ltr'><strong>Alex.</strong></span> <span class='ocrx_word' id='word_1_150' title='bbox 357 2682 485 2764; x_wconf 76' lang='lat' dir='ltr'><strong>Aphrod.</strong></span> <span class='ocrx_word' id='word_1_151' title='bbox 497 2685 527 2742; x_wconf 87' lang='lat' dir='ltr'><strong>in</strong></span> <span class='ocrx_word' id='word_1_152' title='bbox 548 2684 665 2743; x_wconf 75' lang='lat' dir='ltr'><strong>Aristot.</strong></span> <span class='ocrx_word' id='word_1_153' title='bbox 685 2681 720 2744; x_wconf 82' lang='lat' dir='ltr'><strong>de</strong></span> <span class='ocrx_word' id='word_1_154' title='bbox 739 2685 791 2743; x_wconf 74' lang='lat' dir='ltr'><strong>An.</strong></span> <span class='ocrx_word' id='word_1_155' title='bbox 813 2682 861 2756; x_wconf 89' lang='lat' dir='ltr'><strong>ll,</strong></span> <span class='ocrx_word' id='word_1_156' title='bbox 880 2637 901 2741; x_wconf 83' lang='lat' dir='ltr'><strong>l.</strong></span> <span class='ocrx_word' id='word_1_157' title='bbox 918 2681 983 2741; x_wconf 79' lang='lat'>161.</span> <span class='ocrx_word' id='word_1_158' title='bbox 996 2679 1031 2742; x_wconf 87' lang='lat' dir='ltr'><strong>de</strong></span> <span class='ocrx_word' id='word_1_159' title='bbox 1045 2683 1129 2757; x_wconf 86' lang='lat' dir='ltr'><strong>Fato,</strong></span> 
     </span>
     <span class='ocr_line' id='line_1_22' title="bbox 66 2771 1131 2854; baseline -0.001 -24"><span class='ocrx_word' id='word_1_160' title='bbox 66 2773 81 2830; x_wconf 85' lang='lat' dir='ltr'><strong>l.</strong></span> <span class='ocrx_word' id='word_1_161' title='bbox 102 2773 154 2834; x_wconf 75' lang='lat'><strong>163</strong></span> <span class='ocrx_word' id='word_1_162' title='bbox 171 2778 203 2834; x_wconf 76' lang='lat' dir='ltr'><strong>A.</strong></span> <span class='ocrx_word' id='word_1_163' title='bbox 223 2774 272 2852; x_wconf 93' lang='lat' dir='ltr'><strong>qui</strong></span> <span class='ocrx_word' id='word_1_164' title='bbox 288 2773 342 2832; x_wconf 88' lang='lat' dir='ltr'><strong>loci</strong></span> <span class='ocrx_word' id='word_1_165' title='bbox 361 2792 456 2832; x_wconf 85' lang='lat' dir='ltr'><strong>omnes</strong></span> <span class='ocrx_word' id='word_1_166' title='bbox 472 2773 606 2852; x_wconf 82' lang='lat' dir='ltr'><strong>fugerunt</strong></span> <span class='ocrx_word' id='word_1_167' title='bbox 624 2774 806 2854; x_wconf 83' lang='lat' dir='ltr'><strong>interpretes,</strong></span> <span class='ocrx_word' id='word_1_168' title='bbox 822 2771 913 2852; x_wconf 88' lang='lat' dir='ltr'><strong>ipsum</strong></span> <span class='ocrx_word' id='word_1_169' title='bbox 931 2771 1014 2830; x_wconf 85' lang='lat' dir='ltr'><strong>etiam</strong></span> <span class='ocrx_word' id='word_1_170' title='bbox 1029 2771 1131 2832; x_wconf 83' lang='lat' dir='ltr'><strong>Soban-</strong></span> 
     </span>
    </p>
   </div>
   <div class='ocr_carea' id='block_1_4' title="bbox 65 2862 1130 3038">
    <p class='ocr_par' dir='ltr' id='par_1_4' title="bbox 65 2862 1130 3038">
     <span class='ocr_line' id='line_1_23' title="bbox 65 2862 1130 2945; baseline -0.002 -23"><span class='ocrx_word' id='word_1_171' title='bbox 65 2865 182 2926; x_wconf 82' lang='lat' dir='ltr'><strong>baebium</strong></span> <span class='ocrx_word' id='word_1_172' title='bbox 201 2867 234 2924; x_wconf 89' lang='lat' dir='ltr'><strong>in</strong></span> <span class='ocrx_word' id='word_1_173' title='bbox 252 2870 432 2945; x_wconf 78' lang='lat' dir='ltr'><strong>Anaxagorae</strong></span> <span class='ocrx_word' id='word_1_174' title='bbox 450 2866 560 2944; x_wconf 83' lang='lat' dir='ltr'><strong>Fragm.</strong></span> <span class='ocrx_word' id='word_1_175' title='bbox 584 2863 619 2924; x_wconf 88' lang='lat' dir='ltr'><strong>de</strong></span> <span class='ocrx_word' id='word_1_176' title='bbox 639 2864 692 2924; x_wconf 86' lang='lat' dir='ltr'><strong>hoe</strong></span> <span class='ocrx_word' id='word_1_177' title='bbox 710 2862 891 2924; x_wconf 79' lang='lat' dir='ltr'><strong>disserentem</strong></span> <span class='ocrx_word' id='word_1_178' title='bbox 912 2885 940 2944; x_wconf 93' lang='lat' dir='ltr'><strong>p.</strong></span> <span class='ocrx_word' id='word_1_179' title='bbox 965 2862 1004 2924; x_wconf 83' lang='lat'><strong>38</strong></span> <span class='ocrx_word' id='word_1_180' title='bbox 1021 2883 1081 2942; x_wconf 86' lang='lat' dir='ltr'><strong>sqq.</strong></span> <span class='ocrx_word' id='word_1_181' title='bbox 1102 2875 1130 2922; x_wconf 86' lang='lat' dir='ltr'><strong>et</strong></span> 
     </span>
     <span class='ocr_line' id='line_1_24' title="bbox 66 2959 242 3038; baseline -0.006 -20"><span class='ocrx_word' id='word_1_182' title='bbox 66 2979 86 3036; x_wconf 90' lang='lat' dir='ltr'><strong>p.</strong></span> <span class='ocrx_word' id='word_1_183' title='bbox 111 2959 157 3020; x_wconf 77' lang='lat'><strong>151</strong></span> <span class='ocrx_word' id='word_1_184' title='bbox 182 2979 242 3038; x_wconf 83' lang='lat' dir='ltr'><strong>sqq.</strong></span> 
     </span>
    </p>
   </div>
   <div class='ocr_carea' id='block_1_5' title="bbox 95 3088 548 3171">
    <p class='ocr_par' dir='ltr' id='par_1_5' title="bbox 95 3088 548 3171">
     <span class='ocr_line' id='line_1_25' title="bbox 95 3088 548 3171; baseline -0.035 -15"><span class='ocrx_word' id='word_1_185' title='bbox 95 3089 157 3171; x_wconf 83' lang='lat'>(98)</span> <span class='ocrx_word' id='word_1_186' title='bbox 177 3088 247 3152; x_wconf 79' lang='lat' dir='ltr'><strong>vid.</strong></span> <span class='ocrx_word' id='word_1_187' title='bbox 268 3107 351 3168; x_wconf 85' lang='lat' dir='ltr'><strong>supra</strong></span> <span class='ocrx_word' id='word_1_188' title='bbox 369 3108 399 3168; x_wconf 89' lang='lat' dir='ltr'><strong>p.</strong></span> <span class='ocrx_word' id='word_1_189' title='bbox 423 3107 486 3168; x_wconf 84' lang='lat'><strong>¹70·</strong></span> <span class='ocrx_word' id='word_1_190' title='bbox 508 3107 548 3165; x_wconf 89' lang='lat' dir='ltr'><strong>sq.</strong></span> 
     </span>
    </p>
   </div>
   <div class='ocr_carea' id='block_1_6' title="bbox 1112 3155 1129 3203">
    <p class='ocr_par' dir='ltr' id='par_1_6' title="bbox 1112 3155 1129 3203">
     <span class='ocr_line' id='line_1_26' title="bbox 1112 3155 1129 3203; baseline 0 0"><span class='ocrx_word' id='word_1_191' title='bbox 1112 3155 1129 3203; x_wconf 59' lang='lat' dir='ltr'><strong>t</strong></span> 
     </span>
    </p>
   </div>
   <div class='ocr_carea' id='block_1_7' title="bbox 0 0 1466 4820">
    <p class='ocr_par' dir='ltr' id='par_1_7' title="bbox 0 0 1466 4820">
     <span class='ocr_line' id='line_1_27' title="bbox 0 0 1466 4820; baseline 0 4"><span class='ocrx_word' id='word_1_192' title='bbox 0 0 1466 4820; x_wconf 95' lang='lat' dir='ltr'><strong> </strong></span> 
     </span>
    </p>
   </div>
  </div>
 </body>
</html>
