2966 4824
572 435 817 486 rmoosornu.
1019 471 1021 476 ,
1176 419 1236 480 165
1259 481 1262 496 ,

159 599 296 676 etiamsi
322 603 432 676 varias
460 609 521 678 τῶν
547 605 642 680 ὄντων
665 605 796 704 species
812 627 885 675 non
902 601 1045 676 definite
1063 599 1236 674 distinxe-

160 723 229 814 rit,
254 739 373 798 tamen
397 751 521 799 rerum
545 729 805 826 notionumque
823 723 1010 796 discrimen
1026 748 1100 796 non
1114 736 1235 796 sustu·

159 847 258 941 lisse,
282 847 343 921 sed
358 849 472 923 tacite
495 852 686 950 agnovisse.
716 889 762 906 -
791 843 1027 920 Attendamus
1050 870 1135 920 vero
1158 845 1238 916 sin-

108 994 112 1002 ·
158 968 244 1068 gula
267 967 589 1070 ejusargumenta.

210 1089 373 1164 Primum
390 1091 624 1186 demonstrat,
643 1119 719 1168 ens
743 1115 817 1165 esse
840 1105 1092 1179 aeternum,
1117 1109 1237 1184 neque

159 1213 420 1312 natumineque
438 1211 690 1305 interiturum,
706 1211 804 1314 quod
815 1212 881 1286 hac
893 1209 1030 1284 ratione
1039 1205 1235 1282 ooncludit:

160 1332 458 1433 »Quodcumque
481 1349 607 1410 natum
625 1349 695 1430 est,
711 1334 757 1409 ab
772 1333 891 1433 aliqua
912 1331 1047 1430 origine
1066 1343 1184 1404 ortum
1201 1343 1238 1404 et

159 1451 280 1554 aliqua
304 1454 340 1531 vi
364 1471 588 1554 procreatum
610 1458 675 1548 sit,
700 1480 842 1531 necesse
862 1468 931 1550 est,
952 1453 1053 1554 atqui
1071 1477 1146 1525 ens
1168 1451 1239 1526 ali-

160 1574 260 1650 unde
279 1591 400 1652 ortum
421 1604 497 1654 esse
517 1581 660 1681 nequit,
686 1605 754 1654 neo
777 1604 823 1652 en
847 1590 1079 1668 non-ente,
1100 1573 1238 1675 quippe

160 1695 258 1796 quod
283 1697 373 1772 nihil
387 1715 457 1792 est,
473 1725 519 1775 ex
535 1700 645 1774 nihilo
660 1686 782 1774 autem
797 1697 903 1792 nihil;
918 1723 1040 1800 neque
1055 1712 1238 1788 exente;

159 1841 226 1890 ens
248 1820 347 1892 enim
370 1821 445 1893 enti
468 1819 596 1915 simile,
611 1835 720 1920 atque
735 1844 856 1924 unum
873 1833 909 1891 et
925 1817 1021 1892 idem
1038 1833 1102 1894 est.
1144 1821 1240 1919 Ergo

159 1963 226 2012 ens
260 1939 464 2040 ingenitum
483 1941 528 2015 sit
552 1965 693 2016 necesse
716 1955 780 2015 est.
831 1937 1013 2015 stantem
1037 1939 1240 2039 ingenitum

159 2075 236 2156 est,
258 2061 455 2136 immortale
478 2089 624 2166 quoque
646 2088 735 2156 esse,
760 2063 886 2138 eidem
910 2063 1046 2136 ratione
1068 2059 1241 2134 efficitur:

160 2183 190 2255 si
202 2183 298 2256 enim
312 2209 377 2258 ens
389 2185 566 2280 interiret,
581 2187 712 2262 reverti
724 2183 813 2259 illud
824 2195 1001 2284 oporteret
1013 2184 1051 2255 in
1067 2207 1152 2257 non
1163 2208 1241 2257 ens

162 2302 260 2403 quod
278 2303 424 2378 omnino
442 2303 586 2378 nullum
598 2287 716 2378 est⁵⁸.
744 2304 943 2380 Aeternum
954 2305 1063 2406 igitur
1078 2319 1132 2378 est
1141 2303 1241 2380 ens.''
1290 2327 1294 2332 ’

210 2427 481 2526 Argumentatio
512 2423 598 2499 haec
627 2425 782 2524 opposita
813 2451 939 2501 rursus
963 2427 1242 2500 communitam

160 2545 262 2646 vulgi
278 2571 387 2646 quam
408 2543 593 2620 doctorum
613 2545 793 2646 opinioni,
816 2571 974 2644 quorum
991 2545 1155 2647 plerique
1173 2547 1242 2622 tale

124 2745 129 2751 ,
161 2665 342 2766 fingebant
374 2679 524 2740 naturae
549 2667 789 2767 principium,
822 2667 920 2768 quod
947 2669 1066 2768 ipsum
1095 2667 1265 2744 aliunde.

161 2788 368 2878 exstitisses
390 2769 537 2880 relati,
559 2775 617 2863 'ut
638 2787 846 2888 exemplum
865 2767 1032 2883 aderam,
1066 2789 1243 2866 Hesiodus

160 2933 308 2984 osnens:
356 2908 427 3004 lm
465 2913 526 3005 pls
561 2907 733 3008 πρώτιστοι
758 2907 851 3010 χάος
874 2911 981 3010 γένετ’
1003 2921 1065 3009 ⁵⁹,
1095 2914 1243 3002 Chaos,

160 3031 276 3104 omnis
326 3045 477 3106 naturae
525 3032 778 3132 primordium,
834 3033 1024 3136 aliquando
1061 3039 1245 3110 exstitisse

160 3151 341 3252 (γενέσθαι)
360 3153 462 3246 dioit;
492 3154 521 3226 si
542 3153 732 3240 exstiterit,
767 3179 813 3234 ex
833 3155 953 3255 aliquo
979 3155 1152 3257 principio
1173 3184 1242 3234 ex-

161 3275 265 3348 stitit:
290 3299 374 3374 ergo
398 3291 472 3350 non
492 3287 606 3375 potest
625 3273 845 3374 principium
863 3277 1044 3375 appellari.
1094 3277 1258 3381 Eleatici¹

160 3395 469 3470 rerum-notiones
485 3393 651 3470 subtilius
670 3399 963 3496 pervestigantes,
985 3397 1241 3473 intellexerunt
1331 3485 1336 3490 .

68 3516 71 3523 ’
160 3529 199 3590 et
226 3517 538 3610 demonstrarunt,
567 3511 659 3592 esse
689 3533 726 3592 et
758 3519 881 3592 nasei
910 3521 958 3592 ita
987 3545 1065 3594 ase
1086 3521 1239 3596 invicem

159 3637 342 3712 distarent
355 3635 507 3712 alterum
520 3637 629 3713 altero
640 3638 784 3714 tollatur
795 3665 862 3715 neo
872 3640 975 3715 ambo
986 3641 1153 3740 conjungi
1165 3639 1239 3715 ullo

159 3759 264 3834 modo
283 3760 428 3860 possint.
478 3759 621 3834 Primus
641 3759 708 3834 hoc
725 3760 1238 3861 explicuissediciturParme-

193 3951 251 4024 (58)
284 3953 321 4006 Gt.
337 3963 505 4008 commentar.
525 3955 559 4008 ad
576 3971 612 4009 rs.
628 3955 670 4021 67.
704 3955 730 4008 Si
747 3957 876 4024 vulgatam
895 3955 1031 4011 tectionem
1043 3975 1165 4030 sequare,
1183 3977 1236 4030 pos·

160 4045 242 4097 terior
256 4039 428 4098 conclusionis
442 4045 596 4132 parthcite
612 4045 755 4117 supplenda
772 4055 817 4099 eut.
839 4049 843 4057 '

191 4129 249 4200 (59)
281 4133 412 4202 theognia.
430 4153 465 4188 rs.
486 4135 540 4188 116.
