2870 4824
511 344 689 401 mucuns.
1092 325 1138 392 ts

80 496 322 600 redarguendas
345 497 566 574 Graecorum
588 499 776 602 religiones
805 504 908 603 (Vid.
934 503 1011 578 Ast.
1040 529 1134 579 eom·
1180 529 1183 536 ·

78 621 158 681 nent
179 609 218 679 in
242 605 336 680 Plat.
354 605 457 680 Polit.
486 635 523 706 p.
552 607 636 702 428.
650 609 682 708 );
707 611 986 710 Neosplatonici
1012 623 1136 686 contra

77 713 238 813 allegorica
257 713 558 812 interpretatione
580 715 788 790 fabularum
808 721 960 818 ineptias
985 717 1134 820 tegere,

77 845 168 1002 epqpe
183 833 364 998 tanguaim
386 821 533 1002 diffidi
543 825 914 1024 sapienpiaepymhola
931 827 1135 927 praedicare

76 952 287 1002 asuerum.
341 951 458 1000 rocus
534 955 644 1031 eoog.
695 985 707 1025 ,
759 958 828 1031 .p.
859 954 914 1007 ιο.

553 1177 643 1246 Vltt.

148 1365 200 1440 'Ba
226 1377 318 1467 γαίης
337 1378 396 1470 γὰρ
411 1382 534 1466 πάντα,
561 1377 612 1443 καὶ
635 1381 675 1454 εἰς
698 1391 752 1471 γῆν
773 1387 871 1448 πάντα
897 1377 1028 1469 τελευτᾷ.

74 1587 270 1664 llemoratur
298 1589 359 1664 hic
387 1589 627 1666 versiculusa
654 1591 762 1664 Sexto
787 1593 924 1692 Empir.
954 1591 1033 1668 adv.
1058 1597 1132 1666 Ma-

73 1693 159 1768 them.
178 1697 231 1790 X,
254 1695 343 1769 313.
365 1697 515 1772 Stohaeo
532 1695 608 1770 Ecl.
628 1696 731 1796 Phys.
754 1699 792 1789 I,
810 1725 846 1795 p.
873 1696 956 1798 294.
976 1699 1131 1774 Heeren.

72 1802 240 1875 Plutarcho
257 1804 406 1878 Homer.
422 1805 458 1880 vi
465 1817 489 1876 t.
507 1803 602 1876 med.
622 1803 663 1874 in
677 1800 816 1875 scholiis
830 1805 975 1878 Homer.
995 1805 1131 1879 Villois.

71 1913 137 1984 item
161 1913 199 1983 in
225 1909 371 1984 scholiis
397 1911 526 1982 minor.
555 1909 601 1982 ad
622 1906 665 1980 Il.
688 1941 717 1992 η.
746 1935 812 2008 99,
835 1910 901 1982 uhi
925 1909 1134 2010 neglectum

70 2029 108 2090 est
123 2031 297 2092 metrum.
314 2017 452 2091 Docent
465 2017 531 2090 hoo
544 2015 768 2107 testimonio,
794 2015 1054 2114 Xenophanem
1077 2044 1133 2092 re·

70 2149 133 2199 rum
168 2125 341 2199 omnium
377 2137 546 2197 naturam
584 2121 630 2196 ad
654 2119 792 2195 'terrum
822 2122 996 2198 retulisse.
1027 2125 1134 2200 Prae·
1173 2127 1174 2130 ’

69 2232 174 2330 cipuus
196 2245 328 2304 tamen
353 2242 478 2304 auctor
503 2231 633 2303 Sextus
652 2230 856 2328 Empiricus
876 2255 950 2303 non
971 2233 1047 2330 ipse
1063 2231 1134 2306 hu-

68 2340 110 2432 jus
120 2338 238 2438 placiti
257 2349 389 2410 testem
411 2336 568 2428 refacit,
589 2336 712 2410 seder
732 2335 885 2410 aliorum
902 2339 1134 2436 quorundam

69 2447 259 2519 auctoritate
296 2453 486 2537 memorat3
514 2443 601 2516 dicit
632 2443 765 2516 enim:
796 2445 955 2542 Ξενοφάνης
993 2435 1135 2518 dlxar'·

66 2557 177 2634 ἐνίους
200 2561 237 2624 ἐκ
266 2569 331 2648 γῆς.
356 2551 486 2648 Itaque
510 2561 673 2623 auctores
700 2550 813 2645 hujus
836 2550 1029 2623 testimonii
1055 2578 1132 2630 non

67 2671 132 2730 runt
142 2660 344 2734 admodum
358 2655 574 2756 locupletes,
593 2655 668 2755 ipsa
684 2681 770 2732 vero
786 2657 978 2750 sententia,
996 2670 1132 2733 terram

67 2789 120 2836 erae
131 2777 242 2840 omnis
253 2778 409 2838 naturae
420 2773 610 2857 mawriem,
624 2763 692 2834 nisi
706 2761 832 2836 latiore
852 2763 1010 2861 quodam
1025 2765 1141 2862 modo¹

68 2873 271 2971 accipiatur,
292 2899 312 2945 a
336 2870 565 2968 Xenophanis
585 2869 756 2968 opinione
774 2879 813 2942 et
832 2867 970 2967 placitis
986 2897 1132 2969 prorsus

67 2977 159 3056 aliena
183 2983 357 3074 videtur,
382 2993 427 3053 ut
449 2979 541 3054 infra
567 3003 810 3077 exponemus,
834 2979 947 3052 forma
971 2979 1132 3082 denique

68 3090 257 3163 recentioris
280 3087 470 3186 cujusdam
494 3083 666 3160 Graeculi
694 3087 883 3184 ingenium
910 3085 1044 3182 refert,
1064 3089 1131 3188 qui

69 3197 249 3291 priscorum
271 3197 465 3270 sententias
485 3205 524 3267 et
545 3192 676 3292 placita
698 3193 739 3264 in
760 3189 932 3264 formulas
957 3195 1130 3293 quasdam

67 3303 224 3403 redigeret
244 3331 253 3375 ι
273 3313 386 3400 equo
404 3323 536 3399 genere
555 3300 664 3374 etiam
680 3297 768 3372 falso
786 3297 959 3373 Heracliti
982 3301 1129 3376 nomine

67 3409 222 3508 placitum
235 3412 354 3484 fertur
365 3409 452 3484 huic
464 3407 597 3502 simile,
611 3407 710 3509 apud
721 3407 915 3484 Stohaeum
927 3408 966 3481 ll.
980 3434 1017 3508 p.
1032 3410 1103 3483 282
1117 3437 1126 3483 :

141 3571 198 3646 'Fut
223 3583 311 3672 πυρός
333 3600 368 3669 ys
389 3579 427 3644 rol
447 3582 543 3644 πάντα
564 3575 615 3640 καὶ
638 3579 678 3651 εἰς
694 3583 750 3670 πῦρ
767 3582 865 3644 πάντα
883 3571 1013 3660 τελευτᾷ.

67 3741 188 3837 Quibus
211 3741 412 3820 rationibus
427 3741 596 3842 equidem
612 3740 791 3835 adducor,
808 3752 853 3816 ut
868 3740 936 3814 hoc
951 3738 1127 3840 placitum

69 4045 131 4112 llll.
151 4051 177 4112 E
194 4065 271 4115 terra
290 4065 352 4116 ortu
371 4067 437 4117 sunt
456 4057 550 4120 omnia
569 4059 647 4119 et'in
665 4068 769 4118 terren
788 4051 973 4119 resolventur.
