2942 4830
302 353 365 414 210
694 365 743 414 nu
765 363 1003 452 ramnus·

299 533 389 608 dum
414 536 475 628 sit,
501 534 606 634 plura
632 529 849 606 Parmenidis
875 529 966 604 dicta
988 531 1033 604 de
1054 544 1137 606 ente
1158 533 1197 640 in
1219 531 1374 606 divinam

299 669 466 730 naturam
480 657 612 755 optime
628 655 840 752 congruere,
856 652 1056 730 cavendum
1073 667 1206 745 tamen,
1222 679 1271 728 ne
1282 655 1373 730 illius

297 775 422 874 placita
441 776 485 852 ad
506 777 657 852 alienam
669 776 840 850 rationem
852 774 1156 850 accommodemus
1169 776 1373 850 notionesve

298 899 331 970 ei
357 898 594 974 attribuamus
615 897 659 972 ab
679 898 789 996 ipsius
810 911 930 970 mente
950 895 1090 970 alienas.
1268 893 1272 902 '

344 1020 480 1113 Quodsi
505 1021 648 1095 illorum
675 1018 848 1120 judicium
869 1017 915 1092 ud
941 1019 1161 1124 Parmenidis
1182 1022 1372 1094 sententias

294 1154 331 1214 et
352 1141 460 1216 verbo
481 1144 681 1242 exigamus,
700 1140 789 1240 quid
807 1139 900 1212 inter
918 1151 1089 1238 utrosque
1105 1140 1263 1232 intersit,
1286 1139 1372 1242 quid

294 1264 497 1356 conveniat,
518 1262 620 1336 facile
643 1259 836 1360 apparebit.
859 1259 952 1332 Sunt
971 1262 1117 1336 omnino
1138 1262 1178 1334 in
1196 1261 1252 1336 bis
1269 1287 1373 1363 quae·

292 1380 373 1454 dam
390 1383 625 1475 Parmenidis,
638 1395 674 1456 at
684 1406 757 1454 nou
776 1381 905 1454 omnia.
922 1380 1093 1477 Platonici
1110 1382 1271 1458 videlicet
1283 1385 1370 1458 Par·

292 1503 443 1578 menidis
461 1504 587 1604 placita
604 1502 649 1578 de
676 1503 893 1596 veritate,
922 1525 1007 1576 eum
1028 1501 1184 1576 Platonis
1211 1501 1368 1578 doctriua

290 1623 336 1698 de
360 1623 491 1730 ideis,
509 1640 546 1700 et
562 1623 758 1699 Aristotelis
773 1625 909 1697 ratione
924 1623 969 1696 de
988 1647 1113 1696 rerum
1130 1625 1370 1724 principiis

289 1747 543 1850 causisque,
582 1748 630 1820 ita
656 1744 919 1837 confuderunt,
947 1759 990 1818 ut
1028 1744 1112 1818 binc
1141 1771 1230 1822 nova
1263 1748 1369 1845 plane

289 1870 378 1944 ratio
401 1883 626 1960 nasceretur,
650 1893 745 1968 quae
765 1893 986 1970 quamquam
1009 1869 1159 1942 auctoris
1179 1867 1370 1944 Parmeni-

287 1987 342 2064 dis
366 1991 509 2090 vestigia
535 1989 712 2090 quaedam
735 1989 904 2080 referret,
928 2001 1049 2063 tamen
1065 1989 1180 2064 colore
1204 2003 1242 2064 et
1257 1991 1369 2092 figura

286 2137 430 2211 prorsus
456 2111 500 2186 ab
526 2111 586 2185 illo
608 2126 699 2186 esset
722 2109 871 2186 diversa.
923 2109 1152 2184 Parmenides
1179 2137 1245 2184 ens
1278 2113 1368 2186 sim·

285 2231 369 2331 plex
390 2258 455 2332 per
477 2259 513 2306 se
540 2233 659 2332 pouit,
695 2231 794 2304 nu'lla
819 2231 977 2330 partium
1004 2233 1245 2330 concretione,
1267 2234 1367 2308 nulla

284 2377 459 2454 generum
486 2353 706 2447 diversitate3
740 2351 790 2425 illi
815 2379 879 2426 ens
906 2376 1027 2426 uuum
1049 2366 1086 2425 et
1106 2353 1220 2428 multa
1241 2355 1368 2456 appel-

283 2473 372 2568 lant,
397 2475 547 2576 simplex
568 2473 664 2548 idem
683 2488 719 2547 et
743 2475 894 2550 varium.
923 2473 1168 2568 Parmenides,
1182 2491 1266 2550 ente
1283 2477 1366 2552 sub-

282 2594 363 2686 lato,
373 2611 479 2694 negat
492 2597 632 2696 cogitari
646 2594 845 2697 quidquam
859 2621 974 2693 posse,
987 2595 1047 2669 sed
1061 2594 1150 2668 illud
1163 2623 1239 2672 esse
1251 2601 1365 2672 omnis

283 2715 495 2813 cogitationis
514 2716 809 2806 fundamentum
834 2716 1006 2788 Platonici
1028 2743 1124 2792 esse
1145 2732 1181 2792 et
1198 2723 1364 2820 cogita·
1454 2715 1455 2720 ἵ

282 2859 329 2908 re
344 2837 448 2908 ambo
467 2837 515 2909 ita
536 2839 797 2930 constrinxere,
817 2835 959 2912 atinde
976 2851 1142 2912 naturam
1159 2837 1363 2915 effinxerint

280 2971 403 3030 mente
416 2959 616 3056 vigentem,
630 2959 835 3058 cogitatione
856 2955 1063 3056 praeditam.
1113 2959 1177 3034 Ille
1198 2987 1264 3036 ens
1283 2963 1364 3036 dicit

279 3101 437 3154 vacuum
462 3079 560 3150 omni
583 3093 700 3170 motu,
725 3094 761 3151 et
783 3093 944 3152 constans
967 3079 1116 3170 naturit3
1139 3081 1177 3154 hi
1195 3084 1361 3158 movendi
1453 3161 1454 3164 ,

278 3201 495 3298 principium
513 3201 664 3276 faciunt.
715 3201 779 3276 Ille
801 3205 839 3274 in
862 3216 946 3276 ente
970 3207 1155 3278 veritatem
1180 3204 1299 3302 ponit,
1326 3203 1360 3276 hi

277 3319 422 3394 initium
443 3349 567 3398 rerum
588 3326 773 3414 omnium,
792 3349 951 3398 caussam
972 3326 1153 3415 universi,
1175 3349 1359 3398 summum

277 3443 395 3517 Deum
428 3445 644 3544 praedicant.
696 3445 760 3518 Ille
791 3471 854 3518 ens
884 3473 903 3516 a
936 3471 1060 3518 rerum
1089 3460 1217 3522 natura
1256 3445 1359 3544 plane
1452 3529 1453 3546 χ

276 3567 445 3658 secernit,
481 3565 519 3638 bi
550 3592 613 3639 ens
635 3565 761 3640 dicunt
790 3568 926 3640 fontem
952 3582 988 3640 et
1021 3569 1214 3668 originem,
1243 3596 1262 3642 a
1289 3594 1357 3670 qua

274 3687 393 3760 omnia
421 3701 493 3760 tarn
519 3713 626 3786 supra
649 3713 757 3787 quam
777 3687 899 3762 subter
913 3691 1147 3765 manaverint.
1176 3691 1357 3788 Denique,

273 3819 317 3878 ut
331 3833 405 3882 uno
417 3807 524 3884 verbo
540 3807 768 3908 complectar,
783 3811 1012 3884 Parmenides
1027 3813 1150 3884 statuit
1166 3809 1355 3908 simplex

272 3953 349 4002 ens
368 3930 442 4006 sive
463 3931 501 4004 τὸ
524 3929 639 4011 ἁπλῶς
662 3933 716 4022 i'r,
742 3929 911 4006 Platonici
933 3957 1010 4005 ens
1035 3933 1290 4031 perfectum
1307 3931 1355 4004 si-

138 4047 141 4058 ’
271 4073 318 4124 ve
339 4053 378 4127 rb
401 4059 566 4136 παντελῶς
587 4056 639 4147 b‘r,
662 4053 698 4128 b.
724 4053 852 4128 elale
873 4054 912 4126 in
931 4081 1005 4156 quo
1022 4057 1066 4130 sit
1084 4080 1158 4128 uua
1177 4057 1240 4130 reio
1262 4055 1354 4128 dorm
