2924 4820
347 346 412 412 148
716 341 723 354 ’
753 367 791 409 ιι
814 365 1004 409 xsnornsnrs

343 531 374 595 ἐν
402 525 439 601 οἷς
463 537 551 618 γαῖαν
576 525 636 593 ὕδει
660 529 753 619 φύρων
773 521 918 618 Ἥφαιςος
947 528 997 602 τὴν
1026 537 1148 612 γυναῖκα
1174 521 1301 589 πλάττει·
1328 520 1389 592 οὕτω

344 631 375 700 δὲ
398 636 448 700 καὶ
471 631 627 728 Ξενοφώιης
654 657 703 698 πω
728 631 843 722 λέγεται
872 636 975 698 εἰπεῖν·

441 860 547 929 πάντες
572 858 630 946 γὰρ
655 861 738 944 γαίης
762 877 793 918 τε
819 852 869 918 καί
894 846 994 927 ὕδατος
1021 852 1235 941 ἐκγενόμεσθα.

347 1043 410 1115 Isti
427 1043 465 1114 in
486 1041 754 1140 interpretando
778 1041 870 1113 hanc
890 1040 957 1112 sibi
980 1039 1220 1113 concedebant
1235 1039 1394 1111 licentiam

344 1159 413 1238 ut,
444 1151 472 1219 si
499 1173 592 1245 quae
618 1150 701 1245 ipsis
727 1159 914 1219 auctorum
941 1146 1058 1220 verbis
1087 1147 1224 1242 prodite
1250 1171 1317 1216 non
1347 1169 1394 1216 es-

344 1267 451 1344 sent,
482 1279 524 1326 ea
554 1255 763 1353 cogitatione
789 1252 1010 1350 supplerent.
1044 1251 1149 1344 Quod
1179 1254 1208 1324 si
1238 1253 1275 1322 in
1301 1253 1394 1347 poetis

343 1361 485 1434 fortasse
520 1359 647 1451 liceat,
677 1374 713 1438 at
741 1360 1030 1457 philosophorum
1061 1359 1190 1456 placita
1221 1359 1285 1431 hoc
1309 1358 1395 1429 modo

344 1465 553 1563 interpolari
580 1469 660 1564 quis
687 1467 842 1564 probet?
874 1465 1038 1564 Diogenis
1073 1467 1311 1538 testimoninm
1342 1464 1395 1535 hoc

343 1587 555 1672 argumento
597 1577 678 1646 satis
715 1576 912 1647 refutatum
958 1573 1123 1665 videtur3
1155 1585 1286 1646 restant
1311 1572 1394 1660 duo,

343 1705 438 1778 quae
461 1680 678 1778 exploranda
702 1695 787 1752 sunt
815 1708 823 1751 ε
848 1705 1004 1778 quorum
1030 1681 1192 1777 quamvis
1218 1693 1395 1774 utrumqne

344 1787 458 1884 ipsius
484 1787 641 1858 auctoris
672 1785 832 1858 versibus
860 1789 1020 1876 nitatur,
1046 1785 1128 1883 quis
1151 1799 1268 1856 tamen
1294 1783 1396 1856 credat

346 1890 444 1964 hunc
471 1893 510 1962 in
537 1890 817 1988 philosophando
841 1903 914 1962 tam
940 1890 1076 1963 diversa
1102 1889 1231 1987 placita
1254 1901 1398 1962 secutum

343 1995 447 2068 esse?
468 1996 561 2068 Hinc
580 2021 663 2093 ergo
678 1995 795 2094 colligi
815 1994 912 2086 licet,
940 1995 996 2070 vel
1022 1997 1152 2067 horum
1175 2021 1338 2070 versuum
1355 1991 1400 2063 al-

343 2116 527 2178 terutrum
559 2104 688 2176 falsum
718 2129 815 2194 esse,
847 2103 905 2178 vel
932 2104 1041 2178 talem
1064 2106 1168 2178 fnisse
1190 2101 1400 2202 Xenophanis

342 2211 589 2300 sententiam,
625 2236 697 2308 qua
729 2210 833 2282 ambo
863 2209 923 2281 illa
956 2211 1083 2309 placita
1115 2210 1284 2307 explicari
1308 2223 1400 2304 atque

342 2315 437 2388 inter
456 2342 492 2389 se
515 2315 694 2389 conciliari
719 2319 861 2414 possint.
893 2317 1087 2416 Utriusque
1111 2319 1223 2414 igitur
1247 2313 1401 2416 opinionis

343 2429 533 2497 auctoritas
559 2426 793 2497 examinanda
817 2437 880 2498 est.

390 2531 551 2603 Primum
577 2533 753 2629 opinionis
778 2534 879 2625 ejus,
909 2557 981 2629 qua
1006 2545 1103 2604 terro
1129 2545 1166 2604 et
1192 2559 1285 2630 aqua
1306 2531 1403 2602 lleno

343 2636 453 2733 phani
476 2638 691 2709 tribuuntur
708 2639 899 2735 principia,
917 2641 945 2708 si
963 2639 1098 2712 fontem
1122 2639 1348 2738 indagamus,
1366 2633 1403 2704 de

342 2765 385 2813 eo
410 2767 519 2840 quarn
547 2769 673 2840 parum
696 2757 924 2842 perspectum
946 2759 982 2816 et
1005 2745 1232 2844 exploratum
1256 2746 1335 2843 ipsis
1356 2767 1404 2813 ve-

342 2849 479 2921 teribus
506 2851 631 2942 luerit,
650 2863 748 2948 patet
776 2877 821 2925 ex
844 2852 885 2923 iis
915 2877 1008 2950 quae
1032 2855 1220 2926 doctissimi
1246 2855 1404 2948 interpre-

341 2967 395 3028 tes
417 2957 469 3028 Jo.
486 2957 703 3055 Philoponus
730 2972 766 3032 et
791 2958 994 3056 Simplicius
1021 2962 1059 3032 in
1084 2961 1344 3036 commentariis
1369 2954 1405 3026 ad

341 3060 539 3136 Aristotelis
571 3065 713 3163 physica
750 3065 969 3139 retulerunt.
1007 3067 1073 3139 Hic
1112 3073 1209 3140 enirn
1244 3093 1327 3141 cnm
1360 3063 1404 3135 di-

341 3181 419 3260 cat,
448 3169 674 3268 physicorum
705 3171 892 3270 plerosque
916 3175 1089 3244 contraria
1117 3175 1238 3247 fecisse
1268 3185 1403 3243 naturae

346 3277 543 3374 principia,
563 3281 658 3351 inter
680 3305 770 3375 quos
793 3279 979 3350 nonnullis
1003 3286 1033 3349 τὸ
1055 3287 1138 3376 ὑγρὸν
1164 3289 1215 3350 καὶ
1238 3284 1322 3375 ξηρὸν
1341 3273 1404 3372 pla·

341 3383 453 3455 cuisse
485 3393 536 3472 ¹⁰,
569 3385 626 3454 isti
663 3385 811 3483 quinam
845 3384 1069 3484 intelligendi
1104 3399 1220 3459 essent
1255 3383 1402 3455 multum

339 3490 597 3584 quaesiverunt
621 3503 657 3562 et
675 3493 920 3588 disceptarunt
937 3493 1149 3588 interpretes
1165 3519 1172 3562 :
1188 3490 1249 3562 alii
1269 3490 1404 3560 Parme-

339 3595 486 3688 nidem,
504 3595 563 3683 alii
588 3597 840 3694 Empedoclem
865 3599 1051 3697 significari
1074 3609 1312 3695 putaverunt3
1329 3595 1403 3664 Por·

340 3699 488 3799 phyrius
508 3703 767 3801 Xenophanem
792 3703 990 3797 intellexit,
1016 3715 1061 3776 ut
1087 3729 1195 3800 supra
1220 3704 1274 3774 lo.
1300 3697 1404 3772 Philo·

338 3963 442 4128 fl(q)
462 3965 576 4113 Aqstot·
604 3961 687 4046 Phys.
712 3963 743 4038 1,
773 3963 801 4025 5.
823 3985 851 4044 p.
876 3963 952 4040 258,
978 3961 1012 4022 a.
1037 3961 1074 4020 a.
1101 3957 1137 4019 aa
1161 3960 1188 4020 ι.
1212 3959 1233 4021 ι
1254 3957 1404 4040 simplicius

351 4071 387 4110 o.
438 4073 470 4128 ι,
517 4096 524 4111 .
