2840 4820
465 361 676 404 rurcosorma.
825 361 828 370 ·
1048 345 1109 409 125

9 495 10 568 l
68 510 158 580 onnia
178 511 326 606 quaein
346 509 454 583 rebus
471 511 639 584 humanis
654 525 866 588 cernuntur.
884 515 1110 590 Praeclarum

65 640 127 686 sane
145 613 230 687 illud
246 627 285 689 et
300 613 500 712 excelsum3
519 629 681 690 attamen
699 643 772 690 non
796 623 929 713 sensit,
953 622 1112 696 his'sub-

65 717 142 808 latis,
163 719 270 794 talem
296 748 334 795 se
361 723 480 796 fecisse
496 723 631 813 Deum,
649 749 760 822 quem
786 725 887 798 nulla
914 727 1021 800 liceat
1044 728 1113 800 hu-

65 853 163 902 manae
194 833 326 903 mentis
353 832 561 930 cogitatione
591 831 802 930 complecti,
837 835 882 907 de
919 861 992 933 quo
1027 834 1114 908 adeo
1198 861 1200 868 ·

64 933 177 1008 definiri
205 937 298 1008 nihil
328 964 396 1010 nec
421 939 617 1036 praedicari
635 953 764 1036 posset.
791 941 895 1014 Unde
926 944 958 1014 ei
987 943 1114 1014 accidit

64 1042 144 1110 utin
172 1043 211 1113 iis
243 1067 339 1140 qnae
368 1045 413 1116 dc
443 1045 518 1117 Deo
544 1047 816 1118 ratiocinaretur
843 1073 916 1118 non
942 1041 1023 1119 satis
1049 1047 1116 1120 sibi

63 1147 118 1243 ipse
134 1161 330 1238 constaret,
359 1164 396 1222 et
425 1150 581 1222 eundem
605 1177 715 1249 quem
744 1153 953 1227 inmobilem
980 1177 1052 1226 esse
1077 1165 1115 1226 et

63 1251 167 1324 finibus
193 1255 370 1327 contineri
406 1269 575 1354 negaret,
609 1269 730 1330 tamen
763 1272 800 1330 et
825 1261 1007 1358 quiescere
1030 1258 1054 1306 ⁴²
1079 1270 1116 1330 et

63 1362 149 1432 lorma
173 1363 430 1458 comprehendi
469 1365 698 1460 praedicaret.
721 1367 802 1439 Huc
827 1380 985 1464 spectare
1014 1365 1117 1440 vide-

62 1480 108 1539 tur
125 1470 349 1566 reprehensio
365 1469 425 1542 illa
452 1471 664 1560 Aristotelis,
695 1497 812 1571 quum
844 1475 964 1564 dicat,
996 1475 1118 1546 Xeno-

63 1575 189 1671 phanem
221 1577 318 1650 nihil
345 1578 473 1652 diserte
496 1578 705 1676 explicuisse
732 1579 1056 1682 (σι’δὲνδιεσαφήνισε)
1080 1579 1115 1650 ⁴³.

63 1681 138 1754 Idem
164 1685 443 1782 posterioribus,
478 1689 543 1784 qui
577 1685 770 1760 Eleaticum
797 1692 971 1764 rationem
1004 1690 1118 1762 secuti

9 1861 10 1894 ,
63 1805 138 1883 sunt,
153 1797 472 1867 variarum-ansam
487 1795 654 1893 praebuit
670 1797 976 1894 disputationum,
1001 1825 1117 1896 quum

9 1903 10 1944 l
64 1897 172 1991 udem,
181 1925 281 1998 quae
294 1899 356 1972 ille
368 1901 552 1972 obscurius
565 1901 826 1990 enuntiaverat,
841 1930 860 1973 a
873 1904 1118 2001 sequentibus,

9 2069 10 2090 ,
63 2003 194 2098 llelisso,
220 2005 437 2080 Parmenide
455 2007 627 2103 aliisque,
652 2009 867 2082 indiversus
890 2009 1118 2107 explicaren-
1186 2023 1188 2027 ’

9 2141 10 2148 ¹
64 2119 106 2180 tur
125 2114 329 2185 sententias.

96 2217 155 2288 Sed
176 2243 253 2290 non
278 2221 398 2290 minus
424 2218 522 2290 varie
539 2219 651 2315 ipsius
666 2221 773 2290 etiam
798 2220 1025 2318 Xenophanis
1042 2245 1121 2294 sen-

65 2323 151 2394 tentia
178 2323 223 2396 ab
263 2323 521 2422 interpretibus
546 2325 701 2421 exposita
731 2337 783 2396 est
809 2337 917 2423 atque
944 2327 993 2397 ita
1026 2351 1120 2398 erro-

64 2427 139 2500 ribus
168 2428 375 2528 implicita‚
414 2441 458 2501 ut
500 2427 606 2526 plane
643 2430 817 2501 contraria
856 2430 923 2502 sibi
959 2434 1119 2504 statuisse

63 2535 212 2609 rideatur.
238 2537 350 2634 Apud
372 2535 578 2608 Ciceronem
604 2535 649 2609 de
673 2537 751 2607 Nat.
771 2535 873 2608 Deor.
901 2535 1058 2632 Vellejus
1077 2550 1120 2609 nt

63 2639 89 2710 in
111 2656 311 2716 ceterorum
342 2643 531 2734 sententiis¹
554 2641 749 2714 referendis
778 2667 909 2739 parum
942 2641 1121 2742 diligens,

63 2745 97 2818 sic
136 2749 245 2821 etiam
275 2750 314 2838 in
335 2747 574 2845 ,Xenophane
601 2747 762 2839 labitur,
794 2774 911 2846 quum
944 2749 1031 2820 dicit
1058 2748 1084 2797 ⁴⁴
1114 2777 1121 2820 :

65 2853 332 2954 «Xenophanes,
348 2868 468 2926 mente
482 2854 669 2949 adjuncta,
684 2879 790 2928 omne
808 2867 1007 2952 praeterea,
1027 2854 1123 2953 quod

9 3011 10 3016 η
63 2982 78 3026 r
99 2975 178 3033 esset
202 2963 405 3052 infinitum,
423 2961 543 3032 Deum
563 2960 677 3034 voluit
692 2987 776 3034 esse.
793 2987 811 3032 o
831 2961 937 3054 Quod
962 2975 1123 3034 mentem

9 3147 10 3150 Ἴ
64 3065 130 3138 dicit
157 3069 365 3166 adjunctam
396 3069 487 3140 infra
515 3068 782 3166 explicabitur3
814 3093 914 3140 nunc
945 3072 1122 3164 infinitum

64 3171 136 3247 illud
167 3177 367 3249 notandum
398 3189 459 3248 est.
496 3175 667 3248 Similiter
701 3177 831 3249 erravit
859 3174 1022 3247 Nicolaus
1056 3175 1123 3246 Da-

9 3283 11 3316 l

9 3319 11 3354 l

9 3535 11 3612 t

64 3305 255 3374 nascenuS,
281 3283 410 3380 quiin
436 3281 528 3353 libro
554 3283 599 3354 de
626 3283 692 3353 diis
718 3281 843 3355 retulit
868 3281 1126 3378 Xenophanem

65 3388 267 3488 principium
284 3389 404 3461 fecisse
426 3388 543 3486 ἄπειρον
567 3393 778 3478 retenturos,
798 3414 908 3487 quem
926 3386 1126 3485 Simplicius

65 3497 164 3570 verbis
180 3523 290 3595 supra
313 3498 517 3569 memoratis
542 3495 784 3596 reprehendit.
815 3496 947 3569 Contra
971 3493 1125 3567 Alexan-

95 3730 152 3810 (lal
172 3733 240 3794 vid.
262 3735 364 3814 fragm.
388 3735 440 3796 IV.

96 3843 151 3922 [43)
172 3851 277 3909 Aristot
300 3850 425 3932 Metapb.
450 3851 480 3926 Ι,
501 3851 529 3910 5.
552 3869 632 3930 quern
652 3850 731 3910 attuli
749 3869 832 3930 supra
854 3847 874 3928 ς
897 3869 919 3906 r.

98 3956 154 4037 (llll
175 3966 272 4026 Cicero
295 3965 331 4026 N.
354 3965 388 4025 D.
411 3967 443 4041 l,
468 3987 522 4040 rr,
544 3985 625 4045 quern
649 3963 773 4042 seqnitur
792 3963 899 4022 Minna.
922 3959 1002 4022 Felix
1023 3925 1123 4024 Ootev.

69 4048 224 4130 eal’sXlX,
247 4067 277 4134 pss
300 4075 366 4136 ¹79·
392 4053 436 4116 ed.
458 4055 546 4115 Gron.
