2924 4820
312 293 377 360 170
721 313 760 358 ns
782 311 974 356 xsrorssrns

355 463 409 536 De
428 462 508 536 solis
523 478 644 537 autem
664 475 767 536 motu
785 475 1005 536 memoratur
1021 463 1087 537 hoc
1112 463 1295 538 tradidisse
1322 494 1330 538 :
1356 467 1380 517 ⁶⁹

307 576 352 641 τὸν
378 571 453 652 ἥλων
483 579 524 650 εἰς
550 569 665 667 drapo
690 575 744 662 μὲν
770 579 919 666 potebat,
946 567 1095 642 δοκεῖνδὲ
1128 575 1304 642 κυκλεῖσθαι
1335 575 1382 646 διὰ

306 686 356 760 τὴν
380 687 534 759 trecasas.
556 677 648 774 Ergo
667 675 748 746 solis
770 701 917 748 cursum
940 701 1013 748 non
1035 677 1140 748 certis
1161 677 1295 750 finibus
1313 691 1381 750 ter-

305 784 458 873 minari,
485 807 606 879 neque
632 783 752 879 ipsum
780 783 917 880 circum
942 795 1075 854 terram
1103 784 1178 881 agi,
1203 783 1265 856 sed
1289 797 1381 856 recto

305 890 434 962 itinere
458 915 523 987 per
547 889 691 963 coelum
714 891 800 962 ferri
822 891 975 987 putavit.
997 891 1202 988 Utrumque
1223 891 1381 988 opinioni

228 1055 232 1064 .
306 999 386 1089 ejus
408 1008 481 1068 tam
509 996 554 1070 de
578 995 783 1069 coelestium
812 1022 1002 1095 corporum
1030 1011 1181 1089 natura,
1205 997 1380 1095 quamde

305 1115 420 1174 terrae
443 1115 538 1175 statu
561 1129 762 1200 congruum
789 1115 852 1176 est.

354 1209 472 1280 Minus
495 1209 677 1307 probabile
702 1209 874 1306 estquod
903 1208 948 1282 de
977 1207 1136 1282 siderum
1161 1219 1265 1280 motu
1287 1207 1380 1305 apud

305 1312 488 1388 Galenum
506 1315 596 1388 Phil.
616 1341 692 1414 cap.
714 1313 755 1386 13
773 1315 928 1414 legitur:
948 1317 1109 1414 Ξενοφάνης
1134 1309 1378 1413 κατ’ἐπιφάνειαν

304 1430 390 1492 οἴεται
414 1430 562 1494 κινεῖσθαι
580 1427 627 1502 cde
646 1433 766 1520 ἀςέρας.
786 1425 824 1493 Si
845 1423 1046 1520 significent
1069 1422 1156 1496 haec
1173 1422 1299 1512 verba,
1319 1421 1379 1494 Xe·

304 1527 509 1624 nophanem
521 1529 648 1602 dixisse
663 1531 777 1601 sidera
794 1530 911 1626 specie
928 1529 1075 1627 quidem
1093 1531 1249 1618 moveri,
1263 1553 1379 1624 reapse

305 1647 428 1708 autem
449 1638 654 1728 consistere,
674 1636 842 1710 abhorret
860 1637 926 1710 hoc
947 1663 967 1710 a
989 1649 1060 1708 tota
1079 1635 1308 1734 Xenophanis
1324 1638 1378 1727 ju·

306 1742 448 1815 dicandi
472 1746 609 1817 ratione
635 1757 672 1818 et
701 1745 746 1817 ab
773 1745 814 1818 iis
838 1745 920 1842 ipsis
944 1769 1038 1843 quae
1063 1745 1168 1818 modo
1195 1744 1242 1816 de
1265 1742 1378 1815 sideri·

303 1847 371 1920 bus
396 1847 506 1921 relata
528 1862 624 1922 sunt.
649 1851 796 1924 Praeter
820 1849 1004 1924 Galenum
1030 1850 1156 1924 nullus
1177 1850 1246 1924 hoc
1270 1849 1377 1920 Xeno

303 1954 430 2051 phanis
455 1953 629 2051 placitum
660 1957 803 2054 prodit;
835 1971 872 2030 at
898 1957 1070 2030 Stobaeus
1101 1971 1139 2031 et
1171 1955 1376 2028 Plutarchus

304 2061 400 2136 idem
436 2062 626 2136 Xenocrati
670 2064 840 2136 tribuunt
877 2076 902 2114 ⁷⁰
941 2092 949 2136 :
978 2069 1157 2162 Ξενοκράτης
1194 2072 1274 2134 κατὰ
1313 2070 1376 2154 μίαν

304 2179 468 2268 ἐπιφάνειαν
495 2179 582 2240 οἴεται
611 2177 761 2242 κινεῖσθαι
789 2177 849 2250 τοὺς
878 2182 1003 2269 ἀςέρας·
1031 2184 1054 2242 α’
1080 2175 1111 2244 δὲ
1140 2172 1224 2242 ἄλλοι
1253 2176 1306 2267 πρὸ
1327 2188 1376 2238 τῶν

303 2283 406 2372 ἑτέρων
434 2281 494 2356 τσὺς
521 2284 677 2372 &reportatio
707 2276 772 2370 ὕψει
799 2283 848 2348 καὶ
874 2281 979 2364 βάθει.
1012 2281 1156 2376 Spectat
1184 2278 1253 2350 hoc
1279 2274 1376 2374 placi·

303 2395 384 2456 tum
416 2385 460 2458 ad
491 2399 657 2462 veterum
688 2385 951 2460 nonnullorum
981 2388 1290 2486 disputationem,
1319 2382 1376 2481 qui

303 2491 446 2566 coelum
462 2495 501 2565 in
518 2492 650 2566 multos
676 2494 777 2567 orbes
789 2495 862 2569 sive
878 2495 1043 2593 sphaeras
1067 2493 1325 2580 describebant,
1342 2491 1376 2560 in

303 2599 437 2696 quibus
462 2598 585 2672 stellae
604 2591 642 2672 et
657 2601 771 2672 sidera
797 2602 901 2676 variis
920 2602 1105 2674 ordinibus
1128 2613 1245 2674 essent
1265 2599 1376 2694 dispo-

303 2703 380 2776 sita.
413 2705 510 2778 Haec
544 2719 667 2779 autem
700 2706 792 2778 nihil
826 2707 871 2780 ad
910 2709 1177 2807 Xenophanem
1214 2707 1376 2782 videntur

304 2810 501 2906 pertinere.
737 2819 740 2826 ’

353 2916 477 3014 Neque
509 2917 618 3016 magis
650 2918 794 3016 probari
839 2931 955 3016 potest
987 2919 1085 3019 quod
1129 2918 1252 2992 Cicero
1281 2927 1374 2988 retu-

305 3019 348 3092 lit
369 3033 391 3072 ⁷¹
422 3050 429 3093 :
460 3049 482 3097 «
505 3023 656 3096 habitari
682 3028 731 3096 ait
755 3026 990 3123 Xenophanes
1014 3028 1053 3097 in
1082 3023 1196 3116 luna,
1225 3047 1371 3120 eamque

253 3156 269 3181 o
304 3151 326 3198 n
354 3155 427 3202 esse
450 3143 582 3204 terram
608 3131 809 3206 multarum
835 3132 984 3204 urbium
1007 3145 1044 3205 et
1069 3133 1295 3203 montium.»
1324 3129 1373 3198 Ci-

303 3238 439 3309 ceronis
467 3238 616 3336 quidem
643 3241 890 3312 testimonium
917 3251 1060 3311 secutus
1086 3249 1139 3310 est
1167 3250 1203 3309 et
1227 3234 1374 3334 amplifi-

303 3344 395 3416 cavit
418 3343 622 3416 Lactantius
647 3355 695 3438 ⁷²,
725 3347 775 3419 ita
799 3345 952 3446 prodens
982 3374 990 3417 :
1021 3343 1300 3444 «Xenophanes
1327 3341 1374 3412 di-

343 3553 409 3636 (69)
430 3555 568 3614 Stobaeus
591 3554 609 3616 l.
630 3555 648 3616 l.
673 3579 701 3640 p.
722 3556 792 3636 534.
814 3557 912 3618 Galen.
935 3571 963 3618 et
985 3557 1129 3618 Plutarch.
1151 3555 1220 3618 ibid.
1343 3606 1347 3615 .

343 3675 406 3755 (7⁰)
430 3673 569 3736 Plutarch.
594 3675 641 3752 11,
672 3676 715 3738 15.
734 3677 868 3740 stobaeus
891 3679 927 3750 l,
951 3677 1008 3756 25,
1028 3679 1075 3758 qui
1092 3700 1144 3762 pro
1170 3670 1371 3750 nummum.

303 3763 351 3822 het
373 3768 496 3827 „aza-am,

345 3859 407 3943 (71)
429 3867 543 3938 Quaest.
562 3863 649 3925 head.
674 3865 739 3941 lV,
760 3867 809 3949 39.

346 3961 408 4041 (72)
428 3963 521 4023 Instit.
544 3963 609 4026 niv.
630 3963 673 4024 lll
685 4010 694 4042 ,
717 3967 766 4025 23.
