2966 4824
276 313 340 376 tte
669 323 717 370 nn
739 320 956 372 stammas

272 509 316 570 ut
348 491 510 568 Heliades
540 490 612 564 sole
641 503 744 564 natae
763 492 802 562 in
823 489 941 566 lucem
967 487 1135 580 tendant,
1157 488 1206 560 nc
1234 487 1358 564 oculos
1468 460 1469 491 l

143 603 149 616 ’
272 619 390 692 lucem
429 614 612 716 requirere
634 611 678 686 ad
710 611 949 702 cernendum,
976 635 1108 710 sosque
1133 611 1261 684 mentis
1282 613 1359 684 mi-

274 743 402 814 nistros
420 763 506 812 esse.
558 739 605 808 At
631 733 812 836 quomodo
833 731 1359 826 consentaneum,-Parmenidi

271 861 393 938 oculos
412 860 522 934 duces
541 858 587 932 ad
607 856 818 958 sapientiam
840 855 979 949 haberi,
997 857 1062 958 qui
1084 865 1208 930 sensus
1229 854 1358 931 utfal-

271 986 363 1074 laces
381 997 544 1082 spernat,
567 981 679 1073 oculis
706 979 929 1079 auribusque
948 976 1123 1053 confidere
1143 989 1259 1068 vetet,
1283 975 1358 1052 solt

271 1119 393 1180 mente
425 1128 632 1202 cognoscere
652 1101 807 1202 jubeat?
843 1127 915 1176 non
937 1101 1123 1176 oculorum
1144 1100 1205 1176 illc
1228 1101 1358 1184 lumen

175 1291 178 1310 ,
271 1227 423 1326 requirit
444 1223 488 1298 ad
508 1225 817 1324 cognoscendum,
842 1221 904 1297 sed
927 1225 1056 1298 mentis
1077 1223 1197 1298 lucem
1223 1223 1358 1300 divini-

270 1361 331 1420 tus
346 1346 475 1420 datam.
496 1345 551 1420 Ad
562 1345 658 1419 idem
674 1369 848 1420 sensuum
860 1347 1097 1422 ministerium
1109 1328 1239 1418 Sextus
1253 1368 1358 1418 cur-

271 1495 368 1542 rum
393 1492 541 1569 quoque
562 1469 693 1557 refertq
728 1483 930 1542 rotarum
961 1465 1089 1540 orhss
1116 1465 1358 1564 interpretans

271 1615 394 1682 aures,
406 1603 443 1662 et
457 1588 570 1662 faceta
587 1586 789 1666 δινωτοῖσι
799 1590 957 1688 (κύκλοις)
970 1591 1072 1692 quasi
1084 1587 1139 1666 δι’
1154 1589 1359 1663 &rorasti-

269 1712 383 1808 piens.
419 1709 551 1784 Mirum
569 1711 668 1813 quod
688 1739 761 1787 non
777 1715 855 1812 pari
875 1713 982 1788 modo
1000 1711 1102 1786 nobis
1119 1708 1356 1809 explicuerit,

270 1829 359 1930 quid
374 1857 492 1924 axes,
520 1833 610 1934 quid
631 1851 861 1932 portarum
879 1833 1104 1924 claustra,
1127 1828 1217 1932 quid
1238 1828 1356 1904 clavi

269 1953 478 2052 significent.
547 1956 785 2030 Grammatico
819 1957 982 2056 placeant
1015 1951 1212 2029 istiusmodi
1246 1975 1357 2050 argri-

268 2071 361 2166 tiae‚
378 2081 483 2174 poe'ta
503 2101 577 2149 non
601 2076 714 2176 magis
730 2104 840 2178 quam
853 2077 1058 2178 philosopho
1074 2073 1242 2174 indignae
1258 2085 1358 2165 sunt3

269 2222 310 2268 ac
327 2197 484 2294 profecto
504 2199 572 2272 nisi
588 2199 740 2272 Sextum
756 2201 912 2274 nimium
930 2193 1189 2298 interpretandi
1201 2217 1356 2267 acumen

207 2383 210 2392 .
268 2317 466 2412 fefellisset,
501 2319 664 2394 sensisset
690 2321 787 2420 ipse,
816 2322 919 2394 istum
949 2317 1175 2420 singularum
1197 2315 1356 2413 partium

265 2435 541 2538 descriptionem
579 2441 699 2518 valere
725 2455 869 2517 tantum
890 2443 935 2518 ad
958 2437 1206 2516 illustrandam
1226 2437 1357 2536 imagi-
1469 2419 1470 2460 l

267 2559 409 2658 ginem,
446 2561 664 2637 reconditam
696 2589 784 2640 vero
804 2563 1093 2666 significationem
1114 2583 1188 2632 non
1211 2557 1354 2634 habers.

267 2680 400 2754 Sensus
427 2682 612 2782 allegoriae
636 2701 807 2760 nontam
837 2686 1023 2760 abstrusus
1050 2695 1126 2773 est,
1153 2695 1198 2756 ut
1226 2707 1357 2781 opero-

267 2824 345 2874 sam
356 2801 556 2876 istiusmodi
567 2805 897 2906 interpretationem
914 2807 1094 2907 requirat,
1106 2803 1220 2878 sedin
1232 2817 1355 2904 aperto

267 2924 407 3022 positus
431 2939 485 2998 est
505 2941 704 3026 sponteque
731 2927 862 3004 elucet.

316 3048 437 3148 Equi,
472 3047 606 3148 quibus
639 3055 742 3149 polita
780 3050 826 3126 ad
863 3046 1025 3126 coelestia
1053 3046 1241 3140 evehitur,
1264 3045 1354 3148 quid

267 3168 366 3242 aliud
386 3171 585 3270 significant
605 3199 717 3272 quam
736 3172 986 3272 philosophiae
997 3171 1180 3262 ardorem,
1203 3197 1283 3271 quo
1298 3195 1355 3246 cx·

193 3294 196 3303 “
265 3293 399 3366 citatur
429 3317 503 3365 non
541 3295 585 3368 ad
614 3295 764 3370 humilia
791 3309 828 3368 et
856 3309 1021 3388 terrena,
1056 3292 1119 3368 sed
1148 3291 1193 3366 ad
1221 3293 1292 3367 alta
1319 3307 1354 3368 ct
1469 3335 1470 3372 3

265 3413 389 3491 divina
417 3415 680 3515 spectandum?
714 3419 788 3490 Dea
810 3429 933 3490 autem
958 3419 997 3490 in
1025 3415 1169 3492 aethere
1190 3413 1353 3490 habitans

265 3537 654 3646 significat,scientiam
672 3555 709 3613 ct
728 3541 916 3625 veritatem
938 3563 1011 3612 non
1032 3537 1072 3610 in
1094 3551 1236 3610 terrena
1252 3535 1351 3626 sede,

266 3657 385 3732 sedin
408 3659 548 3734 coelesti
571 3661 716 3762 regione
738 3663 848 3763 posita
870 3685 965 3752 esse,
999 3684 1068 3734 nec
1086 3657 1247 3734 humant
1276 3656 1352 3730 doc
1469 3727 1470 3730 ,

265 3777 383 3872 trini,
408 3781 469 3855 sed
502 3782 624 3861 divint
645 3788 782 3860 ratione
804 3797 843 3858 et
865 3785 1037 3858 instinctu
1063 3809 1167 3882 posse
1194 3779 1350 3880 agnosci,

266 3927 306 3974 ac
324 3901 405 3978 tum
427 3907 598 4002 maxime,
621 3933 741 4008 quum
764 3909 943 3982 animuse
969 3907 1071 3980 terris
1093 3905 1194 4007 quasi
1219 3905 1258 3976 in
1278 3925 1351 3978 coc
1469 3963 1470 3994 q

265 4023 342 4100 lum
360 4029 561 4106 evolaverit.
588 4029 692 4106 Viam
706 4045 827 4106 autem
850 4029 936 4104 illuc
957 4042 1157 4105 monstrant
1168 4026 1348 4125 Heliades,
