2966 4824
542 417 783 470 rmnosormr.
1138 406 1200 468 105

172 583 389 683 Huiusmodi
422 588 532 678 ratio,
562 599 606 659 ut
635 611 758 660 rerum
787 598 936 658 naturae
959 599 999 659 et
1021 587 1202 659 communi

103 695 380 805 'intelligentiae
397 731 619 805 repugnans,
638 731 710 778 non
728 708 864 780 mirum
882 705 1050 778 simultas
1066 709 1203 808 peperit

117 826 398 920 controversias,
415 826 686 928 multorumque
698 827 862 904 excitarit
874 826 1106 900 mirationem.
1132 828 1203 900 lta·

113 971 199 1046 que
220 971 294 1020 non
316 947 419 1020 modo
438 946 576 1047 singula
597 946 674 1046 ejus
696 959 927 1054 argumenta,
949 959 992 1033 ut
1013 965 1121 1046 supra
1142 949 1203 1023 vi-

115 1065 263 1158 dimus,
283 1063 345 1142 sed
367 1079 476 1142 totam
494 1069 666 1142 rationem
683 1069 958 1168 impugnarunt,
974 1081 1202 1166 quaerentes,

113 1186 235 1287 quale
260 1187 404 1264 tandem
425 1201 461 1262 ct
485 1187 574 1290 quid
602 1188 692 1265 illud
715 1203 810 1264 esset
835 1188 932 1291 quod
963 1213 1027 1262 eus
1058 1187 1200 1264 diceret.

120 1308 256 1384 Unum
275 1308 423 1413 quidem
444 1335 509 1384 ens
530 1311 683 1410 appellat
709 1324 746 1386 et
773 1309 967 1402 immobile,
999 1324 1204 1410 ceteraqu03

117 1445 157 1504 at
186 1430 257 1506 boc
276 1434 396 1531 ipsrun
417 1457 481 1506 ens
506 1432 597 1532 quid
620 1434 683 1526 sit,
706 1457 801 1533 quae
822 1435 875 1508 ris
899 1429 977 1530 ejus
998 1443 1035 1504 et
1052 1445 1204 1526 natura,

113 1552 214 1625 scire
244 1554 450 1630 uoluerunt.
501 1554 668 1646 Quaestio
698 1552 894 1645 obscurior,
915 1551 961 1626 de
983 1579 1055 1654 qua
1076 1577 1203 1650 magna

116 1673 195 1774 jam
214 1675 280 1752 diu
295 1677 367 1750 luit
381 1677 476 1750 inter
497 1673 614 1750 doctos
628 1674 827 1762 eontentio,
842 1685 887 1750 ut
908 1675 1027 1773 ipsum
1043 1674 1113 1774 jam
1124 1671 1205 1748 Ple·

117 1809 247 1872 tonem
276 1796 466 1870 audiamus
494 1793 692 1888 dicentem,
728 1796 827 1893 tapes
863 1821 937 1870 esse
965 1796 1208 1892 κολυμβητοῦ,

118 1915 343 1992 reconditam
362 1917 582 1992 Parmenidis
601 1931 761 1992 mentem
778 1919 949 2016 expiscari
960 1931 972 1964 ¹
984 1928 1041 1990 ²³.
1077 1917 1206 2018 Neque

118 2039 267 2137 propria
282 2037 502 2143 Parmenidis
512 2039 576 2112 ista
586 2039 794 2134 obscuritas,
807 2039 1078 2138 scdoommunis
1090 2039 1206 2120 eifuit

119 2187 210 2236 cum
231 2160 306 2234 aliis
328 2159 490 2258 ejusdem
506 2139 647 2254 aetatis,
666 2160 783 2260 quiin
802 2159 911 2234 rebus
929 2157 1097 2234 abstrusis
1116 2183 1205 2232 oon-

119 2281 391 2382 templationem
413 2295 604 2380 ponerent,
627 2295 671 2356 ut
689 2279 881 2374 Heraclito,
905 2279 1136 2379 Empedocle;
1160 2279 1206 2354 de

118 2401 260 2504 quibus
281 2401 449 2507 omnibus
472 2401 620 2476 Eleaten
646 2401 750 2474 illurn
772 2401 947 2501 bospitem
968 2401 1205 2500 apud-Plato·

119 2551 209 2600 uem
228 2524 395 2600 audimus
414 2538 644 2625 querentem,
662 2519 777 2621 quod,
791 2536 922 2596 ceteros
941 2536 984 2596 ut
996 2523 1205 2620 imperitum

120 2649 258 2748 vulgus
288 2647 542 2746 despicientes,
568 2657 696 2721 utrum
728 2643 795 2742 ipsi
815 2643 1062 2742 intelligantur
1087 2641 1133 2718 ab
1162 2645 1205 2718 iis

120 2796 258 2862 necne,
279 2795 410 2868 parum
436 2767 657 2860 curaverint,
679 2769 760 2843 satis
780 2765 989 2857 habuerint,
1013 2767 1206 2864 quaeipsis

119 2892 322 2992 placerent,
342 2889 407 2964 sud
418 2892 556 2963 ratione
566 2887 794 2965 concluderes
816 2889 889 2962 >lav
905 2893 967 2963 τῶν
978 2893 1107 2963 πολλῶν
1121 2889 1205 2983 ἡμᾶν

120 3012 323 3114 ὑπεριδόντες
339 3011 557 3112 ὧλιγῶρηπιιι·
576 3007 665 3086 osta
683 3011 752 3109 ylap
775 3015 1027 3110 φροντίσαντες,
1045 3009 1105 3084 dr'
1121 3007 1204 3086 ἔπει-

121 3134 340 3232 maculosae
362 3137 471 3214 ιώτιῖι
493 3134 649 3230 λέγουσιν
666 3127 724 3208 ἐπ’
738 3133 1008 3232 ἀπολειπόμεθα,
1020 3133 1203 3230 aepulae

121 3261 161 3334 rb
182 3259 345 3354 σφέτερον
360 3261 464 3332 αὐτῶν
484 3252 622 3331 ἕκαστοι
639 3265 715 3330 ¹²⁴.
740 3256 992 3356 Cognoseimus
1010 3255 1094 3328 inde
1113 3256 1205 3328 uni-

122 3405 245 3472 verse,
270 3378 377 3481 quale
399 3377 554 3450 Platonis
575 3374 620 3449 de
643 3376 710 3450 illis
726 3377 836 3451 luerit
857 3375 1047 3476 judicium,
1066 3390 1109 3451 ut
1129 3401 1202 3450 non

123 3505 319 3593 miremur,
341 3526 426 3600 eum
449 3495 587 3594 decreta
611 3493 753 3572 illorum
771 3486 889 3598 potius
910 3499 1083 3574 Socratico
1105 3481 1202 3572 more

121 3623 336 3724 explorasse,
369 3647 480 3722 quam
506 3634 601 3694 certe
623 3618 842 3718 deliniteque
860 3606 1080 3719 explicuisse.
1131 3620 1202 3692 Vi-

120 3745 270 3820 deamus
290 3759 432 3818 ceteros.

154 3945 229 4013 (rab)
261 3945 333 3998 Pluto
350 3901 467 3997 l'armcu.

153 4035 227 4103 (rab)
259 4035 332 4086 Plato
351 4033 466 4105 Sopbist.
483 4053 510 4106 p.
528 4033 575 4098 add
593 4038 620 4089 Α.
