2870 4824
451 375 523 420 trra
547 377 586 418 nr
609 377 731 420 srunrx.
1093 361 1134 426 17
1200 415 1210 426 .

65 526 154 598 etiam
186 523 337 598 dictum
373 525 575 625 quoddam,
614 539 659 600 ut
686 527 821 622 fertur,
853 529 1041 623 Hieronis,
1072 531 1134 605 cui

65 657 164 730 quum
185 631 435 730 Xenophanes
458 645 606 732 questus
624 646 731 724 esset,
751 660 821 708 «te
840 637 900 712 vix
916 636 1014 710 duos
1034 663 1135 736 posse

64 763 163 812 servos
187 737 312 830 alere,
336 764 359 810 n
386 739 448 813 ille
473 739 692 838 respondisse
718 741 834 814 fertur
858 769 866 814 :
895 745 919 818 i<
940 757 977 817 at
998 745 1135 818 Home-

66 872 128 937 rus,
146 870 259 943 quem
279 858 324 918 tu
343 848 476 945 carpis,
495 846 617 944 plures
640 846 704 920 alit
724 873 835 947 quam
854 849 979 925 decem
995 850 1133 945 millia,

66 955 159 1026 etiam
187 963 358 1026 mortuus
374 951 398 1000 ³4
418 981 425 1025 :
448 978 469 1024 r>
496 952 676 1026 intellexit
706 956 917 1054 rhapsodos,
949 959 1014 1056 qui
1045 985 1136 1031 can·

1 1149 2 1168 ¹
67 1059 167 1132 landis
196 1059 347 1130 Homeri
382 1060 600 1132 carminibus
627 1061 764 1136 victum
793 1063 1026 1160 quaerebant.
1065 1065 1136 1139 Sed

68 1192 170 1264 quum
198 1179 385 1264 tempora,
414 1180 458 1239 ut
485 1167 663 1260 diximus,
694 1170 754 1242 rix
781 1172 1018 1264 conveniant,
1048 1197 1137 1269 pro-

67 1272 170 1346 babile
196 1285 279 1363 cat,
312 1273 379 1346 hoc
405 1274 561 1346 verbum
583 1274 612 1346 si
640 1275 685 1347 ab
714 1278 870 1350 Hierone
896 1278 1035 1351 editum
1060 1279 1134 1371 sit,

1 1409 2 1414 ¹
67 1405 127 1450 non
151 1380 219 1478 ipsi
243 1378 458 1478 Xenophani
488 1381 613 1454 sedin
645 1382 908 1482 Xenophanem
933 1385 1053 1483 potius
1088 1385 1134 1458 ab

66 1485 116 1557 illo
142 1487 282 1559 dictum
314 1511 421 1561 esse:
454 1485 674 1584 probabilius
707 1502 854 1581 tamen,
886 1515 959 1564 esse
991 1490 1037 1563 ab
1065 1489 1135 1566 alio
1198 1577 1202 1588 ῃ

66 1595 222 1692 quopiam
239 1593 367 1668 callide
388 1596 648 1693 excogitatum,
671 1621 744 1694 quo
767 1595 970 1670 extollenda
982 1597 1137 1672 -Homeri

66 1703 272 1800 praestantia
289 1701 518 1801 Xenophanis
534 1701 796 1779 cavillationem
813 1703 1032 1803 exploderet.
1065 1706 1137 1781 Sed

68 1836 126 1883 non
150 1823 298 1884 tantum
324 1810 388 1884 hos
426 1837 516 1911 quos
544 1811 724 1904 diximus,
765 1800 895 1888 verum
926 1812 1012 1885 alios
1040 1838 1137 1912 quo·
1233 1845 1239 1860 ·

66 1942 125 2015 que
153 1917 294 2016 ingenii
329 1917 422 1990 fama
452 1916 611 2009 nobiles,
643 1943 800 2016 quorum
833 1918 926 1991 dicta
957 1918 1016 1994 vel
1044 1919 1137 1993 facta

64 2026 294 2125 improbaret,
324 2025 437 2099 libere
468 2025 676 2123 perstrinxit
705 2037 743 2099 et
772 2025 958 2102 cavillatus
986 2038 1060 2118 est,
1090 2039 1136 2098 ut

64 2135 319 2229 Epimenidem,
338 2135 443 2228 cujus
458 2133 701 2230 superstitioni
717 2158 791 2204 non
809 2136 944 2206 mirum
963 2145 1017 2207 est
1036 2131 1136 2206 illius

61 2242 229 2336 judicium
248 2265 489 2338 repugnasse3
511 2241 619 2314 etiam
645 2245 781 2312 Thaleti
800 2240 1050 2314 contradixisse
1070 2239 1137 2313 fer-

63 2361 137 2440 tur,
161 2349 256 2420 item
282 2347 530 2443 Pyttaqoroa,
555 2349 594 2418 in
617 2371 729 2446 quem
754 2347 862 2420 etiam
887 2372 989 2421 nunc
1012 2371 1137 2422 versus

61 2459 130 2551 ejus
166 2467 361 2531 servantur
378 2451 412 2526 ³⁵.
439 2456 493 2527 Ex
526 2454 581 2526 lris
611 2480 693 2553 ergo
716 2455 761 2527 de
781 2455 1011 2554 Xenophanis
1040 2455 1138 2551 poesi

60 2563 206 2656 judicari
229 2573 365 2660 potest,
389 2586 469 2633 eam
491 2560 536 2632 ad
556 2561 763 2633 didacticum
778 2587 891 2659 genus
912 2561 1139 2658 potissimum

64 2669 284 2744 referendam
310 2692 407 2758 esse,
437 2666 535 2764 quod
563 2668 756 2740 minusad
786 2667 989 2741 alliciendas
1015 2665 1137 2739 bomi-

62 2803 142 2850 num
164 2787 308 2848 mentes
328 2785 365 2847 et
382 2771 625 2866 delectandas,
647 2799 758 2872 quam
777 2775 822 2848 ad
843 2774 1047 2847 docendum
1060 2799 1136 2845 mo

63 2884 294 2982 nendumque
316 2891 406 2954 esset
432 2879 678 2978 compositum.
707 2881 926 2980 Quanquam
952 2905 1027 2952 non
1055 2878 1135 2952 ideo

65 3116 208 3198 lliogenem
225 3115 345 3194 (scribit
364 3115 439 3175 enim
459 3113 654 3196 Ὁμηραπάτην
674 3113 888 3193 deterrima),
906 3135 965 3179 non
979 3112 1138 3191 dubitarem
1253 3187 1255 3192 Ι

70 3225 116 3265 tum
134 3205 265 3266 Harlesio
285 3207 315 3265 in
332 3205 455 3268 Fabricii
473 3205 545 3268 Bibl.
563 3205 664 3264 Graec.
695 3207 730 3265 T.
744 3207 788 3281 11,
808 3227 834 3287 p.
854 3203 915 3264 616
934 3204 1007 3264 banc
1027 3200 1140 3264 Kiihnii

73 3297 280 3358 mandationem
299 3298 431 3380 recipere.
453 3295 510 3359 Sed
528 3297 728 3378 ‘Opnpm'rar
750 3309 792 3356 est
811 3296 1017 3357 substantivum
1036 3297 1067 3354 in
1089 3315 1138 3375 ge-

69 3387 167 3464 ritiro,
194 3390 274 3468 quasi
298 3389 446 3472 Ὁμηρικῆς
474 3389 604 3462 ἀπάτης,
633 3401 665 3448 nt
688 3386 822 3466 declarat]
832 3387 933 3448 Sextus
956 3385 1140 3466 Empiricusa

67 3478 326 3562 forcipes-airas
355 3479 672 3556 dilatavimus,
697 3477 754 3540 ἐπεὶ
778 3478 826 3548 vals
847 3481 917 3560 παρ’
937 3476 1044 3559 Ὀμιίρρ
1066 3481 1141 3544 εἰπέ-

69 3597 109 3637 aas
135 3571 266 3656 laleopn.
293 3572 331 3634 cl.
357 3572 502 3633 Fabricius
522 3571 608 3632 adh.
635 3569 655 3630 l.
678 3583 738 3632 not.
758 3571 790 3630 F.
812 3571 867 3630 Pro
895 3569 1071 3636 ἐπικόπτης
1099 3572 1140 3633 Is.

69 3663 234 3726 Cssaubonus
262 3664 385 3724 malebat
415 3663 591 3740 franima,
618 3661 695 3742 quod
717 3674 807 3723 metro
834 3673 876 3721 ost
897 3661 1139 3722 convenientius:

71 3752 226 3832 probarem,
247 3755 305 3814 nisi
324 3755 406 3814 Timo
424 3753 565 3814 interdum
585 3763 658 3812 esset
678 3753 709 3810 in
729 3751 852 3810 numeris
872 3749 1069 3830 negligentior.

104 3842 158 3921 (34)
178 3843 322 3904 Plutarch.
343 3843 590 3926 Apopbthegmp.
607 3839 673 3922 175.
686 3841 720 3900 T.
741 3841 784 3900 Vl
795 3885 803 3916 ,
822 3862 850 3921 p.
871 3837 943 3921 669.
962 3839 1058 3899 Reislx.

104 3933 160 4014 (35)
177 3935 300 4016 Diogen.
319 3934 353 3994 L.
373 3934 392 3992 l.
416 3933 436 3994 l.
457 3929 639 4006 irridebitur
668 3957 699 3991 τι
724 3929 840 4004 λέγεται
862 3939 946 4014 Θαλῇ
971 3927 1018 3992 nal
1039 3935 1141 3997 nota}

75 4021 144 4106 tint,
162 4024 368 4102 καθέψεσθαι
390 4021 427 4084 δι’
448 4021 494 4086 nal
515 4019 701 4112 Ἐπιμενίδου.

151 4127 178 4199 Ι.
969 4147 992 4192 2
