3000 4844
572 389 729 440 cilim-

141 555 257 656 paneis
280 557 473 632 immanem
498 535 639 630 hiatum
660 557 762 649 fecit,
786 569 919 631 aeratos

139 681 178 752 in
201 676 326 752 tistulis
349 673 509 750 cardines
532 693 726 754 retrorsum
749 692 958 756 eonvertene
1079 667 1083 680 ’

73 826 127 876 20.
140 825 249 874 nexos
272 796 381 875 clavis
404 811 441 871 et
465 799 601 896 fibulis3
624 825 689 900 per
713 825 865 902 eamque

137 929 205 1000 cito
228 939 402 1000 rexerunt
426 927 605 1028 nymphae
628 926 699 1002 lato
723 927 864 1001 tramite
887 951 1048 1002 currum.

137 1051 190 1120 Ae
213 1047 287 1120 Dea
311 1072 370 1122 me
394 1049 544 1148 propitia
569 1049 720 1147 aceepit,
744 1046 942 1147 dextraque
965 1046 1125 1122 dextram

137 1166 348 1264 prehendit,
372 1181 410 1242 et
434 1151 487 1272 his
510 1169 626 1243 locuta
650 1169 767 1248 verbis
791 1194 849 1242 me
873 1167 976 1242 affata
1000 1182 1068 1242 est:

186 1288 219 1360 Ο
243 1314 353 1387 puer,
378 1288 510 1367 divinis
534 1291 696 1364 comitate
722 1289 870 1390 aurigis,

73 1407 123 1484 25.
137 1411 240 1510 equis
263 1413 329 1511 qui
352 1424 388 1484 te
414 1407 553 1488 vehunt
577 1410 620 1484 ad
645 1425 801 1486 nostram
825 1411 973 1486 domum
996 1408 1132 1502 delate,

136 1539 271 1611 maetel
297 1535 472 1638 siquidem
497 1563 570 1612 non
595 1537 688 1613 mala
712 1551 748 1611 te
771 1537 843 1612 fors
866 1536 1010 1612 induxit
1034 1539 1087 1614 ire

136 1657 231 1731 hanc
244 1658 386 1751 viam,-
399 1683 484 1730 nam
500 1657 605 1757 longe
622 1685 642 1731 a
658 1659 740 1731 trita
755 1658 959 1733 mortalium
977 1660 1099 1734 semita
1112 1657 1263 1754 distat,-

137 1779 197 1854 sed
214 1779 409 1880 religioque
424 1778 596 1880 fidesque.
631 1777 781 1879 Oportet
793 1791 915 1852 autem
931 1779 1048 1852 omnin
1064 1793 1100 1852 te
1116 1806 1233 1874 nosse,

137 1915 173 1975 et
199 1899 359 1975 veritatis
379 1899 603 1974 benesuadae
626 1913 785 1974 mentem
806 1899 1001 1990 sinceram,
1108 1977 1115 1988 ,

67 2023 121 2097 30.
134 2035 170 2098 et
194 2019 401 2096 mortalium
425 2022 520 2111 visa,
545 2021 583 2093 in
607 2017 744 2121 quibus
766 2045 840 2094 non
864 2041 948 2097 vera
972 2018 1068 2134 fides}

134 2149 194 2224 sed
219 2147 371 2242 fallacia3
395 2159 432 2221 et
457 2147 544 2220 haec
567 2173 687 2223 nosoes
711 2146 887 2250 quomodo
910 2147 1169 2222 existimantem
1193 2161 1229 2220 te
1260 2197 1263 2204 -

134 2281 292 2368 oporteat
314 2266 408 2340 clare
432 2266 630 2365 perdiscere
653 2269 771 2344 omnia
792 2257 1102 2370 pervestigantem.

516 2635 567 2705 Dn
590 2633 781 2706 Vnnrrsrn.

132 2887 206 2987 Age
233 2909 336 2976 vero,
362 2907 426 2980 ego
451 2879 587 2973 dicem,
611 2893 655 2954 tu
678 2880 770 2955 dicta
795 2895 915 2956 teneto
938 2879 1108 2972 audiens,
1143 2879 1259 2977 (sitast

132 3031 228 3107 quae
252 3005 345 3078 solae
369 2996 440 3076 sint
462 3001 659 3101 quaerendi
681 3003 758 3080 viae
774 3003 819 3077 nd
835 2999 1116 3102 eognoscendum
1132 3023 1260 3100 propo·

70 3127 120 3202 35.
134 3129 264 3222 altera,
286 3123 386 3227 quod
410 3135 463 3196 est
489 3147 609 3223 neque
633 3135 747 3222 potest
770 3147 844 3196 non
867 3145 959 3213 esse,

133 3253 272 3330 Suedae
294 3254 353 3352 yia
376 3265 449 3344 est;
473 3249 600 3328 veritas
622 3250 724 3324 enim
748 3251 955 3342 eomitatur3

133 3375 263 3470 altera,
288 3369 386 3472 qnod
411 3396 483 3444 non
507 3384 559 3445 est
583 3383 619 3445 et
642 3370 740 3472 quod
763 3395 906 3447 neeesse
929 3383 982 3444 eet
1006 3393 1080 3444 non
1103 3389 1193 3459 esse,
1210 3407 1234 3420 -

49 3745 98 3802 tdr.
111 3750 192 3804 (iulet.
211 3765 239 3819 p.
260 3747 333 3810 rud.
350 3747 455 3801 Vol.X.
467 3763 495 3816 p.
512 3741 561 3797 585
579 3745 609 3796 R.
629 3742 746 3808 Clemens
766 3741 835 3795 Alere
851 3741 947 3794 suen.
961 3739 983 3788 V
993 3771 1002 3800 ,
1020 3753 1046 3806 p.
1067 3733 1123 3798 576.
1154 3730 1260 3784 Proelua

47 3839 146 3895 inl’lat.
162 3842 308 3900 rinnon,
327 3840 411 3908 Il,.p.
430 3837 484 3893 105.
522 3873 524 3880 ι

76 3931 124 3984 Vt·-
136 3931 168 3988 33
182 3934 216 3996 do
234 3933 274 4000 (el
294 3925 322 3983 δ’
341 3927 386 3997 dr’
396 3957 430 3974 -
446 3955 479 3972 -
491 3926 617 4000 φράσαις)
633 3925 697 3980 citat
713 3923 819 3977 Proelut
836 3922 863 3974 in
880 3919 1012 3973 Timaeum
1028 3915 1046 3966 1.
1063 3913 1150 3985 [post
1168 3927 1216 3968 vta.
1228 3927 1261 3979 ⁹9

47 4023 70 4069 ²²
89 4019 137 4086 ³0.
155 4023 292 4092 innescio
313 4025 362 4076 aar
378 4024 478 4088 «aas,
497 4021 544 4074 eo
563 4016 708 4087 meissen..
737 4035 741 4043 ,

75 4111 124 4166 l*
140 4111 222 4180 354⁰
240 4113 269 4182 (ἢ
286 4115 335 4182 ple
353 4118 423 4176 ὅπως
438 4143 471 4158 -
487 4141 520 4158 -
537 4107 672 4183 φράσαις.)
706 4104 850 4176 Simplicius
866 4101 941 4170 Phys.
959 4102 987 4162 1,
1005 4097 1020 4150 l.
1040 4095 1070 4150 25
1085 4099 1113 4152 A„
