2924 4820
339 361 403 428 174
756 384 794 454 ne
817 383 1009 426 xrxornaxrs

334 538 571 637 Theophrasto
588 537 691 636 (ipse
704 537 791 610 dicit
815 567 823 610 :
847 551 884 617 ὡς
907 547 998 635 ῖςομεῗ
1019 547 1033 606 ὁ
1052 537 1242 636 Θεόφραςος)
1261 538 1389 632 retulit,

334 648 421 721 haec
457 647 624 744 deinceps
660 645 759 719 addit
790 673 798 718 :
832 651 964 740 Διογένης
992 647 1023 717 δὲ
1059 651 1109 715 καὶ
1142 665 1190 729 τῆς
1219 649 1392 742 &impioque

334 761 440 835 ταύτην
470 761 565 823 αἰτίαν
597 756 701 846 λέγει,
731 753 776 822 ὅτι
808 762 957 846 ἀνάγοντος
990 765 1035 822 τοῦ
1065 757 1141 832 >ilbi
1170 757 1200 822 τὸ
1228 757 1338 846 γλυκὺ,
1369 761 1394 824 τὸ

332 865 573 950 καταλειπόμενον
598 861 649 926 καὶ
674 865 805 950 ὑπομένον
831 861 954 954 ἁλμυρὸν
975 855 1046 927 εἶναι
1066 860 1230 951 συμβαίνει.
1245 859 1308 929 Hic
1323 884 1394 956 ergo

333 965 456 1038 dulces
468 989 582 1061 aquae
596 976 711 1060 partes
727 990 747 1035 a
763 962 835 1035 sole
851 963 956 1035 educi
971 988 1186 1060 sursumque
1206 964 1290 1035 ferri
1305 963 1392 1034 dixit.

331 1071 438 1164 Quod
450 1082 572 1142 autem
589 1069 643 1140 his
661 1069 851 1167 vaporibus
864 1094 937 1138 non
951 1067 1054 1140 modo
1071 1067 1187 1141 nubes
1200 1081 1236 1140 et
1252 1067 1393 1166 pluvias,

332 1179 392 1251 sed
408 1189 531 1252 ventos
545 1177 652 1248 etiam
667 1187 703 1248 et
722 1177 867 1272 spiritus
885 1176 982 1273 gigni
1002 1175 1144 1272 putavit
1159 1174 1394 1272 Xenophanes,

331 1284 428 1355 idem
453 1295 490 1356 et
517 1282 592 1354 aliis
621 1281 795 1379 placuisse
824 1279 1036 1379 physiologis
1067 1293 1241 1353 memorat
1269 1281 1395 1351 Aristo-

242 1435 245 1444 ψ
332 1388 446 1478 teles,
479 1387 681 1462 dicentibus
717 1387 909 1459 humorem
945 1386 1127 1484 quondam
1162 1385 1242 1458 solis
1273 1387 1396 1462 fervore

331 1508 457 1568 ustum
484 1497 523 1566 in
546 1519 716 1591 vaporem
739 1519 952 1568 conversum
970 1519 1060 1585 esse,
1080 1494 1165 1566 inde
1182 1493 1325 1592 spiritus
1343 1519 1397 1564 au·

331 1627 460 1700 resque
483 1603 684 1674 exstitisse:
713 1627 822 1699 quarn
854 1599 1061 1698 opinionem
1088 1601 1343 1672 Anaximandri
1367 1611 1397 1672 et

331 1709 502 1808 Diogenis
523 1709 629 1781 fuisse
653 1721 801 1779 annotat
827 1707 1036 1782 Alexander
1057 1707 1092 1778 ⁸⁰.
1117 1709 1165 1779 Hi
1193 1709 1304 1806 igitur
1331 1705 1398 1804 plu·

330 1817 473 1888 viarum
486 1815 637 1887 eandem
651 1841 691 1886 ac
705 1827 897 1889 ventorum
915 1817 1080 1886 fecerunt
1095 1814 1285 1911 originem,
1302 1839 1398 1910 quam

334 1921 539 2018 opinionem
562 1921 700 1992 disertis
721 1920 839 1994 verbis
863 1919 1071 1992 Aristoteles
1095 1921 1205 1992 refert
1230 1919 1280 1990 ⁸¹:
1306 1926 1356 1989 etot
1373 1920 1400 1988 δέ

332 2057 407 2106 τινες
431 2035 457 2097 οῗ
479 2057 570 2125 φασι,
597 2033 643 2096 τὸν
668 2029 840 2119 καλούμενον
868 2036 941 2123 ἀέρα
971 2035 1129 2119 κινούμενον
1158 2031 1211 2120 μὲν
1238 2033 1288 2096 καὶ
1313 2023 1399 2122 ῥέοντα

231 2159 233 2164 ·
333 2135 440 2225 ἄνεμον
465 2129 560 2219 εἶναι,
583 2141 769 2222 σννιςάμενον
793 2135 824 2202 δὲ
848 2139 894 2202 τον
922 2137 1005 2201 αὑτὸν
1032 2146 1123 2202 τοῦτον
1147 2137 1237 2204 πάλιν
1265 2141 1336 2232 ripas
1359 2136 1402 2199 καί

330 2241 427 2337 ὕδωρ,
462 2251 500 2318 ὡς
520 2257 569 2321 τῆς
584 2244 670 2321 αὐτῆς
698 2245 807 2336 φύσεως
835 2241 920 2321 οὔσης
955 2239 1056 2318 ὕδατος
1086 2247 1136 2310 καὶ
1159 2249 1329 2334 πνεύματος·
1359 2243 1401 2307 καὶ

332 2353 380 2418 τὸν
401 2347 507 2424 ἄνεμον
538 2343 610 2414 εἶναι
637 2356 747 2426 κίνησιν
770 2355 860 2442 ἀέρος.
886 2347 987 2420 Inter
1015 2359 1177 2420 auctores
1200 2349 1311 2444 hujus
1336 2343 1400 2442 pla-

331 2456 393 2529 citi
406 2453 661 2527 celeberrimus
680 2466 733 2525 est
748 2453 998 2554 Hippocrates,
1014 2480 1124 2552 quern
1150 2455 1275 2528 laudat
1293 2454 1400 2553 Olym-

330 2562 500 2660 piodorus
524 2571 742 2632 statuentem
767 2559 817 2653 ⁸¹,
843 2567 890 2631 τὸν
922 2560 1030 2653 οἷ’νεμον
1054 2570 1132 2659 ἠέρος
1154 2559 1226 2631 εἶναι
1251 2561 1341 2660 ῥεῦμα
1362 2565 1404 2628 καὶ

330 2681 445 2760 χεῦμα·
470 2673 562 2737 τοῦτον
586 2675 645 2762 γὰρ
671 2673 851 2759 κινούμενον,
880 2671 940 2747 τοὺς
969 2674 1087 2759 ἀνέμονς
1116 2667 1201 2764 ἔλεγε
1228 2673 1401 2764 γίγνεσθαι,

231 2825 234 2832 .
332 2784 467 2866 ἱςαμένου
502 2775 533 2843 di
565 2779 596 2842 τὸ
624 2772 712 2868 ὕδωρ.
752 2775 806 2844 Ex
845 2775 899 2846 his
939 2775 1149 2846 testimoniis
1184 2787 1284 2874 patet
1317 2772 1403 2872 quod

331 2880 577 2952 demonstrare
589 2880 731 2969 studui,
747 2879 876 2978 placita
893 2879 971 2974 illa,
992 2908 1086 2981 quae
1101 2881 1321 2982 Xenophani
1337 2883 1403 2951 Sto·

331 2985 444 3060 baeus
469 2987 619 3078 tribuit,
643 3013 751 3060 neca
780 2999 944 3064 veterum
972 2991 1140 3088 opinione
1156 3016 1223 3064 nec
1250 2991 1295 3063 ab
1317 2987 1404 3060 illius

333 3105 448 3168 aetate
474 3119 548 3167 esse
572 3091 700 3167 aliena.

374 3379 440 3464 (80)
461 3381 577 3444 Aristot.
595 3383 714 3442 Meteor.
730 3383 759 3442 ll
775 3427 785 3458 ,
807 3333 1140 3462 1.p.'426c.ibid.11,
1164 3404 1193 3445 2.
1213 3406 1243 3467 p.
1263 3385 1364 3466 428a.
1375 3377 1406 3439 ³⁶1

331 3493 361 3552 q.
381 3471 402 3532 l.
422 3471 560 3554 Alexand.
578 3471 705 3554 Aphrod.
727 3472 782 3549 11,
802 3471 831 3550 4.
852 3493 882 3554 p.
904 3471 964 3552 433
985 3476 1018 3534 A.

372 3587 437 3668 (81)
457 3587 572 3648 Aristot.
596 3585 671 3646 lbid.
692 3587 737 3662 ll,
766 3589 812 3648 13.
831 3587 922 3667 princ.
945 3607 974 3667 p.
994 3585 1064 3665 421.

373 3712 438 3798 (aa)
460 3683 621 3794 orym'pior.
654 3710 744 3771 aaa.
765 3711 796 3770 in
815 3710 935 3771 uereor.
959 3709 990 3769 x.
1013 3711 1044 3785 1,
1076 3731 1139 3794 ap.
1163 3711 1218 3784 ιο,
1242 3712 1294 3772 m.
1322 3733 1359 3772 ῃ
1377 3714 1409 3770 a.

332 3822 368 3862 ex
376 3803 548 3883 Hippocrate
566 3799 625 3884 mpl
645 3811 745 3881 poectu-
768 3801 918 3883 Praecipue
941 3801 1126 3884 comparanda
1146 3802 1215 3862 haec
1236 3803 1321 3863 Ennii
1341 3801 1409 3884 apud

333 3893 453 3955 Varron.
464 3893 496 3952 L.
511 3893 543 3952 L.
556 3894 595 3968 V,
621 3915 676 3976 19:
692 3918 707 3950 ο
718 3893 786 3952 Istic
798 3905 840 3952 est
850 3895 873 3952 is
887 3893 997 3973 Jupiter
1019 3913 1100 3971 quern
1121 3893 1201 3970 dico,
1216 3915 1299 3974 quem
1316 3893 1410 3954 Graeci

333 4003 349 4036 ν
372 3991 475 4040 vocant
494 3985 594 4056 atram,
615 3983 663 4060 qui
684 3994 784 4044 ventus
803 3995 845 4041 est
862 3993 891 4040 et
909 3981 1013 4056 nubes,
1036 3983 1125 4044 imber
1142 3995 1253 4066 postea,
1276 3997 1359 4063 atque
1377 4001 1410 4040 ex

333 4093 349 4127 ν
372 4069 461 4130 imbre
478 4071 579 4150 frigus,
599 4085 773 4154 ventuspost
788 4071 831 4149 lit,
842 4077 889 4134 air
907 4071 1009 4136 denuo.
1029 4097 1045 4132 ν
