2870 4824
302 313 348 380 58
744 335 938 378 xnuoruarus

300 487 449 562 Anthol.
477 487 545 561 Gr.
568 485 593 558 l.
619 487 661 580 1,
685 485 739 560 tit.
767 485 840 580 86,
869 513 906 586 p.
932 484 1017 579 345.
1046 485 1102 560 ed.
1133 487 1258 560 Boeeh.
1288 513 1396 586 prae-

301 599 501 672 mittuntur
524 607 649 668 autern
670 593 709 667 hi
734 593 843 668 duo:

388 779 502 850 Ηνικα
525 782 706 875 Πυθαγόρης
730 782 762 848 τὸ
786 777 992 876 περικλεές”
959 805 1063 874 euporo
1087 787 1212 874 γράμμα

447 904 540 972 κεῖν,
568 877 608 984 ἐφ
629 913 688 978 ντῳ
710 883 868 967 alcestin*
849 912 945 979 ηγαγε
971 886 1154 972 βωθυσίην,

398 993 435 1074 δη
457 1000 518 1063 τοτε
538 1021 588 1085 μιν
611 995 823 1092 φνφελιζομένω
848 995 916 1062 κτλ.

300 1179 374 1274 Qui
399 1201 523 1254 versus
545 1187 709 1274 spectant
734 1173 779 1270 ad
802 1171 1026 1248 celebratum
1046 1173 1140 1249 illud
1165 1175 1390 1276 Pythagorae

282 1291 492 1368 ‚inventum
520 1285 566 1358 de
595 1291 840 1380 hypotenusa,
873 1283 973 1382 quod
1002 1283 1061 1358 hic
1101 1285 1191 1356 mira
1224 1287 1390 1383 profecto

299 1395 438 1466 ratione
453 1417 539 1465 cum
553 1391 702 1465 fortuito
719 1391 815 1464 canis
832 1415 986 1464 occursu
1002 1389 1181 1491 jungitur.
1198 1391 1289 1464 Mihi
1308 1395 1388 1491 qui-

299 1501 383 1575 dem
406 1499 509 1574 facile
533 1499 574 1572 in
599 1523 642 1573 eo
665 1523 854 1598 agnoscere
878 1499 1000 1574 videor
1023 1497 1290 1599 interpolatoris
1314 1527 1388 1573 ma·

298 1634 415 1700 num,
443 1607 510 1706 qui
536 1607 625 1680 haec
652 1605 769 1680 veluti
797 1605 953 1704 dispersa
984 1606 1145 1680 membra
1167 1609 1388 1681 concinnare

298 1713 491 1788 studuerit.
520 1711 764 1808 Quamobrem
793 1711 822 1785 si
851 1711 905 1785 illi
932 1739 1055 1788 versus
1079 1727 1166 1786 sunt
1194 1713 1384 1814 Xenopha-

299 1823 370 1914 nis‚
384 1847 458 1893 non
472 1833 594 1894 tamen
611 1819 650 1892 hi
668 1843 817 1920 quoque
834 1817 953 1893 eidem
970 1821 1157 1896 tribuendi
1179 1834 1282 1894 sunt.
1304 1819 1386 1894 Plu·

298 1925 444 2001 tarchus
461 1927 507 2000 de
533 1927 612 1999 Vita
628 1927 776 2000 secund.
805 1925 953 2024 Epicur.
981 1927 1018 1999 Τ.
1036 1927 1086 2021 Χ,
1116 1953 1151 2026 p.
1171 1927 1239 2000 501
1269 1925 1384 2002 Reisl.

298 2035 511 2108 Athenaeus
524 2033 563 2104 L.
580 2031 629 2122 X,
642 2057 678 2130 p.
697 2029 783 2124 418.
807 2045 899 2106 extr.
917 2033 1092 2134 Diogenes
1109 2033 1147 2106 L.
1166 2034 1272 2128 VIII,
1292 2061 1319 2107 s.
1344 2059 1384 2106 ιν

299 2153 493 2242 postremos
520 2139 584 2212 hoe
615 2161 740 2213 versus
773 2141 965 2238 separatim
990 2141 1157 2234 laudant,
1183 2167 1384 2241 eorumque

299 2259 484 2321 auctorem
509 2243 791 2344 Apollodotum,
821 2245 880 2320 vel
899 2248 1032 2320 rectius
1047 2247 1309 2346 Apollodorum
1325 2273 1383 2321 no·

298 2355 449 2426 minant.

348 2463 408 2536 Vs.
441 2485 471 2533 1.
502 2473 551 2532 νῦν
574 2453 621 2532 οὖν
645 2451 669 2530 τ’
693 2459 819 2534 Nescio
847 2485 894 2532 an
924 2459 1121 2561 legendum
1145 2463 1191 2534 sit
1218 2477 1268 2535 νῦν
1295 2455 1381 2552 αὖτ’,

299 2581 423 2642 tamen
450 2579 598 2666 propter
624 2567 767 2642 varium
797 2579 834 2640 et
862 2567 1094 2667 frequentem
1118 2568 1218 2668 apud
1249 2582 1383 2646 veteres

300 2681 421 2776 poetas
445 2699 554 2748 usum
575 2673 775 2773 particulae
803 2703 857 2765 τε,
884 2675 921 2750 id
945 2675 1121 2750 affirmare
1156 2703 1231 2749 non
1257 2676 1379 2750 audeo.

347 2831 407 2904 Vs.
424 2855 458 2902 2.
473 2833 699 2930 ςνφελιζνμέννν.
713 2829 878 2904 Verbum
893 2837 1055 2930 φφελίζειν
1067 2833 1242 2932 significat
1264 2857 1381 2928 uapore

298 2951 334 3010 ot
357 2944 597 3012 contumeliose
623 2951 803 3026 tractare,
829 2965 969 3013 uacare.
990 2939 1169 3012 Homerus
1185 2939 1228 3013 Il.
1248 2945 1279 3012 λ.
1299 2935 1378 3012 305.

298 3073 327 3143 φ.
353 3043 437 3115 512.
465 3043 631 3144 Hesychii
657 3046 923 3142 interpretatio,
950 3052 1059 3136 testu,
1083 3058 1259 3137 πατάσσειν,
1291 3048 1326 3120 h.
1355 3043 1376 3116 l.

299 3153 477 3249 congruit.
501 3149 545 3222 In
570 3149 680 3223 Suida
705 3149 794 3224 olim
816 3177 939 3227 versus
954 3152 1013 3228 hic
1031 3151 1222 3253 legebatur
1239 3156 1289 3228 ita
1306 3176 1378 3227 cor·

298 3270 430 3357 ruptus
449 3285 457 3331 :

398 3416 454 3476 καί
472 3413 540 3477 ποτέ
562 3435 610 3498 μοι
633 3411 843 3504 ςνφελιζομένῳ
867 3411 1010 3486 σκύλακος
1031 3415 1184 3504 παρὼντνς.

348 3571 408 3642 Vs.
445 3567 479 3641 5.
505 3580 554 3654 τὴς
582 3570 675 3664 ἔγνων
706 3575 923 3669 φθεγξαμένης.
954 3571 1009 3643 Ila
1037 3573 1175 3645 correxi
1205 3572 1300 3673 vulg.
1332 3579 1376 3652 tlt

299 3679 390 3771 ἔγνων
416 3681 622 3776 φθεγξαμένης
645 3685 738 3771 ἀΐων,
763 3703 858 3777 quae
893 3677 998 3752 lectio
1021 3681 1185 3778 quamvis
1206 3701 1373 3778 gramma·

300 3785 370 3855 tica
398 3785 535 3856 ratione
564 3785 672 3883 possit
698 3785 897 3883 explicari,
940 3785 990 3858 ita
1018 3797 1062 3858 ut
1087 3787 1307 3860 accusativus
1329 3793 1374 3866 τὴν

300 3889 346 3962 ad
380 3890 496 3984 ἔγνων,
520 3893 700 3991 genitivus
722 3897 930 3993 φθεγξνᾳνένης
959 3891 1004 3966 ab
1031 3900 1100 3964 ἀΐων
1125 3893 1302 3992 pendeat,
1327 3904 1372 3962 ta-

300 4021 387 4070 men
408 3995 496 4072 haec
519 4011 701 4074 structura
717 4027 738 4074 a
754 3999 926 4076 sermonis
943 4025 1015 4074 usu
1032 4011 1071 4073 et
1088 3998 1264 4100 elegantia
1281 4023 1370 4100 pror-
