2924 4820
213 361 234 420 8
601 371 650 420 nu
673 369 886 420 esnmmre

216 545 245 616 si
261 542 446 640 scripserit,
459 539 589 616 falsum
605 539 765 613 arbitror.
790 532 1053 636 Anaximander
1067 532 1179 624 enim,
1189 527 1283 608 Tbe-
1368 575 1373 584 ·

162 645 163 650 ¹
216 665 294 740 letis
320 665 359 738 in
380 663 497 736 Ionica
516 660 631 736 schola
649 685 835 753 successor,
858 657 955 733 diem
972 656 1208 761 obiitOlymp.
1228 655 1288 750 58,

215 799 325 886 atque
348 783 433 858 adeo
457 796 621 858 mortuus
634 796 711 858 erat
724 781 796 882 jam
811 779 945 880 aliquot
958 794 1042 854 ante
1059 779 1161 854 annis
1176 801 1287 879 quam

216 903 355 979 condita
379 919 468 980 esset
490 905 591 998 Elea,
615 905 654 976 in
670 929 743 1004 qam
762 915 870 976 natus
888 898 1128 997 Parmenides.
1158 897 1287 997 Neque

215 1023 448 1124 probabilius,
483 1025 580 1126 quod
612 1024 708 1100 idem
732 1023 904 1124 Diogenes
927 1022 1055 1112 refert,
1088 1017 1285 1094 auditorem

214 1145 435 1222 Parmenidis
459 1146 717 1221 Anaximenem
739 1133 914 1218 tuanen.
947 1139 1111 1239 Namque
1128 1153 1170 1214 ut
1185 1139 1288 1214 omit·

215 1273 290 1338 tam
313 1265 488 1341 diversam
509 1265 699 1363 utriusque
717 1264 890 1364 patriam,
910 1260 1086 1339 diversam
1107 1258 1286 1334 doctrinae

214 1389 407 1480 rationem,
430 1386 569 1462 obstant
590 1410 739 1487 quoque
757 1398 939 1484 tempora,
963 1408 1082 1483 quum
1101 1381 1287 1470 Anaxinm

214 1535 297 1600 nes,
322 1507 579 1582 Anaximandri
603 1486 929 1597 terrasteiras,
951 1501 1191 1601 aurauperar
1207 1501 1289 1576 aar·

213 1625 358 1704 menide
380 1641 446 1704 aut
467 1628 623 1730 aequalis
646 1631 679 1704 ei
703 1630 785 1722 fuit,
808 1629 955 1704 inferior
971 1639 1066 1701 certe
1083 1636 1196 1699 aetate
1213 1649 1287 1698 non

213 1751 296 1824 fuit.
318 1749 388 1824 Alii
412 1753 533 1824 'contra
558 1749 888 1826 multoinferiorem
904 1749 1052 1826 faciunt.
1084 1745 1288 1822 InEueebii

213 1870 359 1944 Conone
378 1868 499 1944 ebron.
511 1868 598 1944 baec
614 1883 733 1944 notate
753 1869 941 1970 leguntur:
962 1869 1111 1967 ’Oleum
1126 1895 1168 1962 ar,
1183 1865 1288 1967 e(0.

211 1991 276 2083 80,
304 1989 352 2090 tl).
400 1987 627 2086 Ἐμπεδοκλῆς
649 1992 706 2065 ml
727 1988 929 2088 Παρμενίδης
949 1990 1129 2088 φιλόσοφοι
1150 1992 1287 2086 Φυσικοὶ

212 2109 426 2210 ἑγνορῖζοντο.
462 2093 561 2202 Ζήνωο
582 2114 639 2186 uel
665 2111 879 2210 Ἡράκλειτος
904 2115 920 2188 o‘
942 2115 1102 2196 exorauit
1129 2106 1293 2212 ἰίεομεοζόν.Ι

94 2309 98 2314 ,
210 2233 480 2308 Aoaommodata
492 2234 636 2310 videtur
647 2233 735 2310 baec
745 2237 876 2310 notatio
894 2235 939 2310 ad
949 2235 1040 2310 illud
1049 2237 1124 2310 fere
1133 2247 1288 2335 ternpus,

212 2353 700 2453 quoParmenidesunacum
711 2337 1291 2457 Zenodebthenasvenissenarra·

209 2495 273 2554 tur
284 2478 381 2578 apud
391 2479 594 2576 Platonem3
613 2482 733 2558 vitiose
744 2495 864 2554 tamen
876 2480 995 2554 ambos
1006 2480 1085 2572 hos,
1103 2477 1291 2554 aetatedie·

211 2625 326 2698 pares,
337 2599 462 2672 eodem
474 2615 633 2700 tempore
642 2599 852 2674 inclaruisse
868 2599 998 2672 scribit.
1017 2600 1174 2701 Longius
1184 2599 1289 2674 etiam

211 2721 344 2794 recedit
354 2719 537 2819 Syncellr'rs
547 2734 706 2794 statuens
716 2719 856 2796 eosdem
868 2721 1103 2820 philosophos,
1122 2737 1166 2800 ut
1176 2737 1212 2796 et
1221 2723 1289 2798 De·

210 2839 426 2934 mocritum,
450 2839 626 2934 floruisse,
651 2860 822 2943 regnante
846 2848 1043 2920 Artaxerxe
1066 2849 1132 2947 qui
1152 2848 1289 2926 Macro·

212 2961 288 3034 cbir
312 2965 595 3062 cognominatus,
620 2966 714 3040 intra
737 2967 961 3070 Olympiades
985 2973 1119 3069 82·9r‚
1144 2985 1181 3046 et
1200 2973 1290 3046 circa

148 3075 151 3084 ’
213 3083 311 3158 idem
331 3099 475 3185 tempus
498 3101 625 3162 natum
649 3113 724 3164 esse
748 3091 929 3164 Socratem
947 3103 1002 3164 ¹⁴.
1051 3091 1121 3166 Sed
1143 3092 1290 3196 longum

213 3207 305 3280 foret
328 3231 451 3280 ornnes
475 3205 767 3310 chronologorum
786 3235 922 3284 errores
937 3236 1169 3308 enumerare,
1185 3217 1290 3292 resu-

212 3341 289 3403 tare
312 3353 620 3426 supervacaneum
641 3339 695 3404 ¹⁵.
735 3331 862 3432 Itaque
885 3347 1046 3408 auctores
1069 3339 1179 3412 secuti
1203 3338 1289 3413 Pla-

213 3563 264 3614 pro
292 3544 325 3598 θ’
345 3549 394 3598 sul
421 3550 549 3616 εἰκοστὴν
570 3545 626 3601 ’ot
652 3550 700 3616 legi
720 3549 803 3603 voluit
825 3553 973 3622 ἱεαιοοτὴν
993 3549 1050 3606 ’Ob
1068 3557 1201 3611 commode
1220 3559 1289 3612 enirn

214 3635 396 3692 Parmeniden
419 3639 470 3692 dici
491 3639 590 3710 Olymp.
613 3641 646 3694 6⁰
664 3641 798 3704 floruisse,
816 3661 860 3696 rex
872 3643 990 3700 videlieet
1006 3645 1081 3698 anaia
1100 3655 1159 3716 poet
1179 3655 1290 3702 mertem

217 3730 391 3798 praeceptoris
406 3729 605 3794 lmximaadm
621 3747 689 3802 quaa
706 3731 800 3784 accidit
818 3733 966 3804 Olymp.58.
997 3733 1069 3790 Idem
1089 3752 1213 3791 numerus
1233 3739 1289 3809 pla-
1340 3767 1344 3774 ·

216 3817 291 3871 rabat
311 3815 428 3888 Merragio
450 3819 573 3876 Observr.
594 3821 628 3874 ad
644 3822 717 3887 Iliog.
735 3822 821 3876 baert.
840 3822 857 3874 l.
877 3824 893 3878 l

248 3911 302 3979 (13)
319 3913 442 3980 Diogenes
460 3915 488 3970 L
506 3919 551 3980 11,
572 3916 595 3970 3.

247 4003 301 4066 (tq)
320 4004 452 4074 syncellus
472 4008 613 4079 Cbronogr.
633 4029 658 4081 p.
678 4009 725 4064 253
747 4013 775 4064 D.
855 3973 862 3988 i
989 3967 992 3980 Ι
1068 4089 1072 4098 ⁸

250 4095 306 4164 (ab)
325 4099 410 4156 Veluti
427 4105 497 4173 quod
514 4106 617 4177 quidam
629 4107 734 4176 Gorgiae
759 4123 862 4178 qnoque
886 4117 911 4164 tt
922 4111 1029 4166 Prodico
1049 4114 1183 4184 aequalem
1194 4121 1291 4170 antae·
