<?xml version="1.0" encoding="UTF-8"?>
<!DOCTYPE html PUBLIC "-//W3C//DTD XHTML 1.0 Transitional//EN"
    "http://www.w3.org/TR/xhtml1/DTD/xhtml1-transitional.dtd">
<html xmlns="http://www.w3.org/1999/xhtml" xml:lang="en" lang="en">
 <head>
  <title>
</title>
<meta http-equiv="Content-Type" content="text/html;charset=utf-8" />
  <meta name='ocr-system' content='tesseract 3.04.00' />
  <meta name='ocr-capabilities' content='ocr_page ocr_carea ocr_par ocr_line ocrx_word'/>
</head>
<body>
  <div class='ocr_page' id='page_1' title='image "./philosophorumgr01xenogoog_0099.png"; bbox 0 0 2840 4820; ppageno 0'>
   <div class='ocr_carea' id='block_1_1' title="bbox 486 349 666 405">
    <p class='ocr_par' dir='ltr' id='par_1_1' title="bbox 486 349 666 405">
     <span class='ocr_line' id='line_1_1' title="bbox 486 349 666 405; baseline -0.011 -9"><span class='ocrx_word' id='word_1_1' title='bbox 486 349 666 405; x_wconf 75' lang='lat' dir='ltr'><strong>armonian.</strong></span> 
     </span>
    </p>
   </div>
   <div class='ocr_carea' id='block_1_2' title="bbox 131 493 944 705">
    <p class='ocr_par' dir='ltr' id='par_1_2' title="bbox 131 493 944 705">
     <span class='ocr_line' id='line_1_2' title="bbox 136 493 944 600; baseline 0 -30"><span class='ocrx_word' id='word_1_2' title='bbox 136 513 180 570; x_wconf 81' lang='grc' dir='ltr'><strong>νῦν</strong></span> <span class='ocrx_word' id='word_1_3' title='bbox 203 493 231 569; x_wconf 79' lang='grc' dir='ltr'><strong>δ’</strong></span> <span class='ocrx_word' id='word_1_4' title='bbox 257 505 307 570; x_wconf 79' lang='grc' dir='ltr'><strong>ἐὰν</strong></span> <span class='ocrx_word' id='word_1_5' title='bbox 334 507 376 592; x_wconf 75' lang='grc' dir='ltr'><strong>μὴ</strong></span> <span class='ocrx_word' id='word_1_6' title='bbox 400 499 550 597; x_wconf 69' lang='grc' dir='ltr'><em>προεδρίαν</em></span> <span class='ocrx_word' id='word_1_7' title='bbox 575 506 681 600; x_wconf 79' lang='grc' dir='ltr'><em>φέρωσι</em></span> <span class='ocrx_word' id='word_1_8' title='bbox 705 507 756 572; x_wconf 73' lang='grc' dir='ltr'><strong>καὶ</strong></span> <span class='ocrx_word' id='word_1_9' title='bbox 777 509 814 574; x_wconf 77' lang='grc' dir='ltr'><strong>τὰ</strong></span> <span class='ocrx_word' id='word_1_10' title='bbox 841 529 944 588; x_wconf 82' lang='grc' dir='ltr'><strong><em>σιτια,</em></strong></span> 
     </span>
     <span class='ocr_line' id='line_1_3' title="bbox 131 609 469 705; baseline 0 -27"><span class='ocrx_word' id='word_1_11' title='bbox 131 609 158 678; x_wconf 83' lang='grc' dir='ltr'><strong>ω’</strong></span> <span class='ocrx_word' id='word_1_12' title='bbox 174 613 353 700; x_wconf 65' lang='grc' dir='ltr'><strong><em>μαχεῖσθαί</em></strong></span> <span class='ocrx_word' id='word_1_13' title='bbox 372 636 469 705; x_wconf 74' lang='grc' dir='ltr'><strong><em>φασιν.</em></strong></span> 
     </span>
    </p>
   </div>
   <div class='ocr_carea' id='block_1_3' title="bbox 89 767 1114 872">
    <p class='ocr_par' dir='ltr' id='par_1_3' title="bbox 89 767 1114 872">
     <span class='ocr_line' id='line_1_4' title="bbox 89 767 1114 872; baseline -0.005 -28"><span class='ocrx_word' id='word_1_14' title='bbox 89 795 130 844; x_wconf 84' lang='lat' dir='ltr'><strong>rs.</strong></span> <span class='ocrx_word' id='word_1_15' title='bbox 167 795 217 842; x_wconf 89' lang='grc' dir='ltr'><strong>ιο.</strong></span> <span class='ocrx_word' id='word_1_16' title='bbox 249 779 306 840; x_wconf 85' lang='grc' dir='ltr'>εἴτε</span> <span class='ocrx_word' id='word_1_17' title='bbox 339 776 390 840; x_wconf 75' lang='grc' dir='ltr'><strong>καὶ</strong></span> <span class='ocrx_word' id='word_1_18' title='bbox 417 777 551 842; x_wconf 76' lang='grc' dir='ltr'><strong><em>ἵπποισιν.</em></strong></span> <span class='ocrx_word' id='word_1_19' title='bbox 585 769 718 845; x_wconf 79' lang='lat' dir='ltr'><strong>biirum</strong></span> <span class='ocrx_word' id='word_1_20' title='bbox 746 784 927 872; x_wconf 90' lang='lat' dir='ltr'><strong>quantum</strong></span> <span class='ocrx_word' id='word_1_21' title='bbox 955 771 995 842; x_wconf 92' lang='lat' dir='ltr'><strong>in</strong></span> <span class='ocrx_word' id='word_1_22' title='bbox 1021 767 1114 841; x_wconf 91' lang='lat' dir='ltr'><strong>ordi-</strong></span> 
     </span>
    </p>
   </div>
   <div class='ocr_carea' id='block_1_4' title="bbox 54 875 1115 1298">
    <p class='ocr_par' dir='ltr' id='par_1_4' title="bbox 54 875 1115 1298">
     <span class='ocr_line' id='line_1_5' title="bbox 55 875 1115 978; baseline -0.001 -28"><span class='ocrx_word' id='word_1_23' title='bbox 55 877 148 950; x_wconf 87' lang='lat' dir='ltr'><strong>nando</strong></span> <span class='ocrx_word' id='word_1_24' title='bbox 167 877 236 950; x_wconf 93' lang='lat' dir='ltr'><strong>hoc</strong></span> <span class='ocrx_word' id='word_1_25' title='bbox 259 901 370 952; x_wconf 85' lang='lat' dir='ltr'><strong>versu</strong></span> <span class='ocrx_word' id='word_1_26' title='bbox 390 889 427 949; x_wconf 93' lang='lat' dir='ltr'><strong>et</strong></span> <span class='ocrx_word' id='word_1_27' title='bbox 445 879 742 978; x_wconf 73' lang='lat' dir='ltr'><strong>&#39;interpunctione</strong></span> <span class='ocrx_word' id='word_1_28' title='bbox 759 877 1011 978; x_wconf 86' lang='lat' dir='ltr'><strong>distinguendo</strong></span> <span class='ocrx_word' id='word_1_29' title='bbox 1030 875 1115 949; x_wconf 89' lang='lat' dir='ltr'><strong>bac·</strong></span> 
     </span>
     <span class='ocr_line' id='line_1_6' title="bbox 55 983 1113 1084; baseline -0.005 -26"><span class='ocrx_word' id='word_1_30' title='bbox 55 985 139 1058; x_wconf 83' lang='lat' dir='ltr'>serint</span> <span class='ocrx_word' id='word_1_31' title='bbox 158 985 320 1082; x_wconf 86' lang='lat' dir='ltr'><strong>interpp.</strong></span> <span class='ocrx_word' id='word_1_32' title='bbox 347 983 578 1058; x_wconf 74' lang='lat' dir='ltr'>casaubonus</span> <span class='ocrx_word' id='word_1_33' title='bbox 610 983 699 1060; x_wconf 86' lang='lat' dir='ltr'><strong>baec</strong></span> <span class='ocrx_word' id='word_1_34' title='bbox 727 985 834 1060; x_wconf 89' lang='lat' dir='ltr'><strong>verba</strong></span> <span class='ocrx_word' id='word_1_35' title='bbox 861 1010 946 1058; x_wconf 89' lang='lat' dir='ltr'><strong>cum</strong></span> <span class='ocrx_word' id='word_1_36' title='bbox 971 1005 1113 1084; x_wconf 89' lang='lat' dir='ltr'><strong>praece-</strong></span> 
     </span>
     <span class='ocr_line' id='line_1_7' title="bbox 54 1091 1112 1189; baseline 0 -27"><span class='ocrx_word' id='word_1_37' title='bbox 54 1091 129 1163; x_wconf 80' lang='lat' dir='ltr'><strong>deuti</strong></span> <span class='ocrx_word' id='word_1_38' title='bbox 149 1101 171 1162; x_wconf 81' lang='lat' dir='ltr'><strong>oi</strong></span> <span class='ocrx_word' id='word_1_39' title='bbox 194 1091 390 1187; x_wconf 80' lang='lat' dir='ltr'><strong>conjunxit</strong></span> <span class='ocrx_word' id='word_1_40' title='bbox 416 1117 424 1162; x_wconf 88' lang='lat'>:</span> <span class='ocrx_word' id='word_1_41' title='bbox 446 1091 533 1189; x_wconf 75' lang='grc' dir='ltr'><em>δῶρον</em></span> <span class='ocrx_word' id='word_1_42' title='bbox 549 1094 567 1162; x_wconf 79' lang='grc' dir='ltr'><em>ὂ</em></span> <span class='ocrx_word' id='word_1_43' title='bbox 582 1101 606 1163; x_wconf 79' lang='grc' dir='ltr'><strong>οἱ</strong></span> <span class='ocrx_word' id='word_1_44' title='bbox 624 1097 769 1186; x_wconf 79' lang='grc' dir='ltr'><strong><em>κειμήλιον</em></strong></span> <span class='ocrx_word' id='word_1_45' title='bbox 788 1101 832 1175; x_wconf 83' lang='grc' dir='ltr'><strong>εἴη</strong></span> <span class='ocrx_word' id='word_1_46' title='bbox 851 1101 907 1162; x_wconf 79' lang='grc' dir='ltr'>εἴτε</span> <span class='ocrx_word' id='word_1_47' title='bbox 927 1098 979 1161; x_wconf 78' lang='grc' dir='ltr'><strong>καὶ</strong></span> <span class='ocrx_word' id='word_1_48' title='bbox 995 1098 1112 1162; x_wconf 79' lang='grc' dir='ltr'><strong><em>ἵπποισι.</em></strong></span> 
     </span>
     <span class='ocr_line' id='line_1_8' title="bbox 55 1197 674 1298; baseline 0 -28"><span class='ocrx_word' id='word_1_49' title='bbox 55 1197 323 1298; x_wconf 72' lang='lat' dir='ltr'><strong>schweighauser</strong></span> <span class='ocrx_word' id='word_1_50' title='bbox 348 1199 396 1271; x_wconf 91' lang='lat' dir='ltr'><strong>sic</strong></span> <span class='ocrx_word' id='word_1_51' title='bbox 419 1199 674 1298; x_wconf 79' lang='lat' dir='ltr'><strong>interpunxit:</strong></span> 
     </span>
    </p>
   </div>
   <div class='ocr_carea' id='block_1_5' title="bbox 124 1375 941 1576">
    <p class='ocr_par' dir='ltr' id='par_1_5' title="bbox 124 1375 941 1576">
     <span class='ocr_line' id='line_1_9' title="bbox 223 1375 941 1463; baseline 0.001 -23"><span class='ocrx_word' id='word_1_52' title='bbox 223 1379 285 1440; x_wconf 82' lang='grc' dir='ltr'>εἴτε</span> <span class='ocrx_word' id='word_1_53' title='bbox 313 1375 365 1440; x_wconf 75' lang='grc' dir='ltr'><strong>καὶ</strong></span> <span class='ocrx_word' id='word_1_54' title='bbox 391 1377 514 1442; x_wconf 69' lang='grc' dir='ltr'><strong><em>ἵπποισιν</em></strong></span> <span class='ocrx_word' id='word_1_55' title='bbox 540 1382 633 1442; x_wconf 78' lang='grc' dir='ltr'>ταῦτά</span> <span class='ocrx_word' id='word_1_56' title='bbox 656 1397 691 1440; x_wconf 80' lang='grc' dir='ltr'><strong>κε</strong></span> <span class='ocrx_word' id='word_1_57' title='bbox 716 1381 812 1443; x_wconf 79' lang='grc' dir='ltr'><strong><em>πάντα</em></strong></span> <span class='ocrx_word' id='word_1_58' title='bbox 841 1375 941 1463; x_wconf 81' lang='grc' dir='ltr'><strong><em>λάχοι·</em></strong></span> 
     </span>
     <span class='ocr_line' id='line_1_10' title="bbox 124 1477 575 1576; baseline 0.004 -28"><span class='ocrx_word' id='word_1_59' title='bbox 124 1481 168 1548; x_wconf 75' lang='lat' dir='ltr'><strong>cia</strong></span> <span class='ocrx_word' id='word_1_60' title='bbox 197 1484 254 1551; x_wconf 82' lang='grc' dir='ltr'><strong>ἐὼν</strong></span> <span class='ocrx_word' id='word_1_61' title='bbox 279 1479 361 1563; x_wconf 73' lang='grc' dir='ltr'><strong><em>ἄξιος</em></strong></span> <span class='ocrx_word' id='word_1_62' title='bbox 385 1477 482 1576; x_wconf 71' lang='grc' dir='ltr'>ὥσπερ</span> <span class='ocrx_word' id='word_1_63' title='bbox 506 1486 575 1574; x_wconf 80' lang='grc' dir='ltr'><em>ἐγώ.</em></span> 
     </span>
    </p>
   </div>
   <div class='ocr_carea' id='block_1_6' title="bbox 54 1657 1116 1757">
    <p class='ocr_par' dir='ltr' id='par_1_6' title="bbox 54 1657 1116 1757">
     <span class='ocr_line' id='line_1_11' title="bbox 54 1657 1116 1757; baseline 0.008 -29"><span class='ocrx_word' id='word_1_64' title='bbox 54 1657 107 1730; x_wconf 83' lang='grc' dir='ltr'><strong>Ηοι</strong></span> <span class='ocrx_word' id='word_1_65' title='bbox 128 1671 254 1733; x_wconf 88' lang='lat' dir='ltr'><strong>autem</strong></span> <span class='ocrx_word' id='word_1_66' title='bbox 284 1658 391 1732; x_wconf 88' lang='lat' dir='ltr'><strong>modo</strong></span> <span class='ocrx_word' id='word_1_67' title='bbox 416 1683 536 1757; x_wconf 91' lang='lat' dir='ltr'><strong>quum</strong></span> <span class='ocrx_word' id='word_1_68' title='bbox 561 1659 673 1732; x_wconf 86' lang='lat' dir='ltr'><strong>oratio</strong></span> <span class='ocrx_word' id='word_1_69' title='bbox 705 1657 908 1753; x_wconf 85' lang='lat' dir='ltr'><strong>claudicet,</strong></span> <span class='ocrx_word' id='word_1_70' title='bbox 934 1660 974 1735; x_wconf 92' lang='lat' dir='ltr'><strong>in</strong></span> <span class='ocrx_word' id='word_1_71' title='bbox 999 1661 1116 1736; x_wconf 88' lang='lat' dir='ltr'><strong>inter-</strong></span> 
     </span>
    </p>
   </div>
   <div class='ocr_carea' id='block_1_7' title="bbox 53 1765 1235 1867">
    <p class='ocr_par' dir='ltr' id='par_1_7' title="bbox 53 1765 1235 1867">
     <span class='ocr_line' id='line_1_12' title="bbox 53 1765 1235 1867; baseline 0.004 -30"><span class='ocrx_word' id='word_1_72' title='bbox 53 1765 199 1860; x_wconf 87' lang='lat' dir='ltr'><strong>pretando</strong></span> <span class='ocrx_word' id='word_1_73' title='bbox 227 1765 278 1840; x_wconf 88' lang='lat' dir='ltr'><strong>ad</strong></span> <span class='ocrx_word' id='word_1_74' title='bbox 300 1777 492 1849; x_wconf 73' lang='grc' dir='ltr'><strong><em>ἰσιισιώπησιν</em></strong></span> <span class='ocrx_word' id='word_1_75' title='bbox 521 1765 701 1862; x_wconf 82' lang='lat' dir='ltr'><strong>confugit3</strong></span> <span class='ocrx_word' id='word_1_76' title='bbox 725 1791 835 1864; x_wconf 87' lang='lat' dir='ltr'><strong>quam</strong></span> <span class='ocrx_word' id='word_1_77' title='bbox 860 1779 904 1840; x_wconf 92' lang='lat' dir='ltr'><strong>ut</strong></span> <span class='ocrx_word' id='word_1_78' title='bbox 930 1767 1117 1867; x_wconf 84' lang='lat' dir='ltr'><strong>suppleret</strong></span> <span class='ocrx_word' id='word_1_79' title='bbox 1151 1841 1154 1848; x_wconf 81' lang='grc'><em>,</em></span> <span class='ocrx_word' id='word_1_80' title='bbox 1232 1811 1235 1820; x_wconf 92' lang='lat'><strong>.</strong></span> 
     </span>
    </p>
   </div>
   <div class='ocr_carea' id='block_1_8' title="bbox 53 1867 1195 4124">
    <p class='ocr_par' dir='ltr' id='par_1_8' title="bbox 53 1867 1119 2833">
     <span class='ocr_line' id='line_1_13' title="bbox 53 1867 1116 1974; baseline 0.008 -32"><span class='ocrx_word' id='word_1_81' title='bbox 53 1869 258 1968; x_wconf 82' lang='lat' dir='ltr'><strong>Bindorfius,</strong></span> <span class='ocrx_word' id='word_1_82' title='bbox 283 1875 437 1947; x_wconf 82' lang='lat' dir='ltr'><strong>correxit</strong></span> <span class='ocrx_word' id='word_1_83' title='bbox 459 1875 537 1948; x_wconf 87' lang='lat' dir='ltr'><strong>ita:</strong></span> <span class='ocrx_word' id='word_1_84' title='bbox 561 1878 591 1946; x_wconf 81' lang='grc' dir='ltr'><strong>οὐ</strong></span> <span class='ocrx_word' id='word_1_85' title='bbox 617 1867 643 1942; x_wconf 84' lang='grc' dir='ltr'><strong>κ’</strong></span> <span class='ocrx_word' id='word_1_86' title='bbox 664 1871 703 1944; x_wconf 81' lang='grc' dir='ltr'><strong>ἔοι</strong></span> <span class='ocrx_word' id='word_1_87' title='bbox 727 1873 817 1958; x_wconf 75' lang='grc' dir='ltr'><strong><em>ἄξιος.</em></strong></span> <span class='ocrx_word' id='word_1_88' title='bbox 841 1873 892 1944; x_wconf 79' lang='lat' dir='ltr'><strong>Ar</strong></span> <span class='ocrx_word' id='word_1_89' title='bbox 909 1899 993 1948; x_wconf 86' lang='lat' dir='ltr'><strong>vero</strong></span> <span class='ocrx_word' id='word_1_90' title='bbox 1009 1902 1116 1974; x_wconf 88' lang='lat' dir='ltr'><strong>aper·-</strong></span> 
     </span>
     <span class='ocr_line' id='line_1_14' title="bbox 54 1980 1117 2081; baseline 0.007 -33"><span class='ocrx_word' id='word_1_91' title='bbox 54 1989 111 2050; x_wconf 85' lang='lat' dir='ltr'><strong>tunr</strong></span> <span class='ocrx_word' id='word_1_92' title='bbox 132 1981 309 2074; x_wconf 87' lang='lat' dir='ltr'><strong>videtur,</strong></span> <span class='ocrx_word' id='word_1_93' title='bbox 335 1981 443 2056; x_wconf 86' lang='lat' dir='ltr'><strong>verba</strong></span> <span class='ocrx_word' id='word_1_94' title='bbox 468 1989 525 2052; x_wconf 76' lang='grc' dir='ltr'><strong>εἴτε</strong></span> <span class='ocrx_word' id='word_1_95' title='bbox 557 1985 608 2050; x_wconf 79' lang='grc' dir='ltr'><strong>καὶ</strong></span> <span class='ocrx_word' id='word_1_96' title='bbox 630 1987 740 2050; x_wconf 75' lang='grc' dir='ltr'><strong><em>ἵπποισι</em></strong></span> <span class='ocrx_word' id='word_1_97' title='bbox 765 1980 981 2076; x_wconf 86' lang='lat' dir='ltr'><strong>respondere</strong></span> <span class='ocrx_word' id='word_1_98' title='bbox 1009 2008 1117 2081; x_wconf 87' lang='lat' dir='ltr'><strong>aupe-</strong></span> 
     </span>
     <span class='ocr_line' id='line_1_15' title="bbox 55 2087 1117 2188; baseline 0.007 -30"><span class='ocrx_word' id='word_1_99' title='bbox 55 2087 177 2162; x_wconf 83' lang='lat' dir='ltr'><strong>rioribus</strong></span> <span class='ocrx_word' id='word_1_100' title='bbox 200 2099 260 2160; x_wconf 83' lang='grc' dir='ltr'>εἴτε</span> <span class='ocrx_word' id='word_1_101' title='bbox 280 2093 417 2161; x_wconf 76' lang='grc' dir='ltr'><strong><em>παλαίων</em></strong></span> <span class='ocrx_word' id='word_1_102' title='bbox 439 2097 488 2144; x_wconf 86' lang='grc'><strong>-“-</strong></span> <span class='ocrx_word' id='word_1_103' title='bbox 519 2097 576 2158; x_wconf 76' lang='grc' dir='ltr'><strong>εἴτε</strong></span> <span class='ocrx_word' id='word_1_104' title='bbox 600 2094 631 2159; x_wconf 83' lang='grc' dir='ltr'><strong>τὸ</strong></span> <span class='ocrx_word' id='word_1_105' title='bbox 654 2089 743 2158; x_wconf 78' lang='grc' dir='ltr'><strong><em>δεινὸν</em></strong></span> <span class='ocrx_word' id='word_1_106' title='bbox 767 2088 903 2181; x_wconf 64' lang='grc' dir='ltr'>ἄεθλον,</span> <span class='ocrx_word' id='word_1_107' title='bbox 927 2101 1038 2188; x_wconf 75' lang='lat' dir='ltr'><strong>atque</strong></span> <span class='ocrx_word' id='word_1_108' title='bbox 1066 2093 1117 2166; x_wconf 88' lang='lat' dir='ltr'><strong>ita</strong></span> 
     </span>
     <span class='ocr_line' id='line_1_16' title="bbox 55 2193 1118 2294; baseline 0.002 -28"><span class='ocrx_word' id='word_1_109' title='bbox 55 2193 236 2292; x_wconf 80' lang='lat' dir='ltr'><strong>explicanda</strong></span> <span class='ocrx_word' id='word_1_110' title='bbox 268 2221 345 2270; x_wconf 73' lang='lat' dir='ltr'><strong>esse</strong></span> <span class='ocrx_word' id='word_1_111' title='bbox 371 2222 379 2268; x_wconf 90' lang='lat'><strong>:</strong></span> <span class='ocrx_word' id='word_1_112' title='bbox 410 2204 466 2266; x_wconf 82' lang='grc' dir='ltr'>εἴτε</span> <span class='ocrx_word' id='word_1_113' title='bbox 493 2203 544 2266; x_wconf 77' lang='grc' dir='ltr'><strong>καὶ</strong></span> <span class='ocrx_word' id='word_1_114' title='bbox 571 2203 689 2270; x_wconf 77' lang='grc' dir='ltr'><strong><em>ἵπποισι.</em></strong></span> <span class='ocrx_word' id='word_1_115' title='bbox 707 2205 788 2277; x_wconf 74' lang='grc' dir='ltr'><em>νίκην</em></span> <span class='ocrx_word' id='word_1_116' title='bbox 817 2195 943 2293; x_wconf 76' lang='grc' dir='ltr'><strong><em>ἄροιτο,</em></strong></span> <span class='ocrx_word' id='word_1_117' title='bbox 967 2210 1060 2270; x_wconf 80' lang='grc' dir='ltr'>ταῦτά</span> <span class='ocrx_word' id='word_1_118' title='bbox 1083 2227 1118 2294; x_wconf 82' lang='lat' dir='ltr'><strong>ys</strong></span> 
     </span>
     <span class='ocr_line' id='line_1_17' title="bbox 56 2300 1117 2400; baseline 0.008 -31"><span class='ocrx_word' id='word_1_119' title='bbox 56 2300 145 2374; x_wconf 74' lang='lat' dir='ltr'><strong>iecra</strong></span> <span class='ocrx_word' id='word_1_120' title='bbox 168 2308 257 2398; x_wconf 81' lang='grc' dir='ltr'><strong><em>λάχοι</em></strong></span> <span class='ocrx_word' id='word_1_121' title='bbox 289 2303 394 2400; x_wconf 79' lang='grc' dir='ltr'><em>δῶρα,</em></span> <span class='ocrx_word' id='word_1_122' title='bbox 420 2327 462 2376; x_wconf 89' lang='lat' dir='ltr'><strong>ea</strong></span> <span class='ocrx_word' id='word_1_123' title='bbox 485 2325 619 2400; x_wconf 88' lang='lat' dir='ltr'><strong>nempe</strong></span> <span class='ocrx_word' id='word_1_124' title='bbox 641 2327 736 2399; x_wconf 90' lang='lat' dir='ltr'><strong>quae</strong></span> <span class='ocrx_word' id='word_1_125' title='bbox 760 2303 865 2376; x_wconf 91' lang='lat' dir='ltr'><strong>modo</strong></span> <span class='ocrx_word' id='word_1_126' title='bbox 897 2328 1117 2378; x_wconf 83' lang='lat' dir='ltr'><strong>memorave-</strong></span> 
     </span>
     <span class='ocr_line' id='line_1_18' title="bbox 55 2410 1117 2510; baseline 0.006 -30"><span class='ocrx_word' id='word_1_127' title='bbox 55 2422 109 2502; x_wconf 87' lang='lat' dir='ltr'><strong>rat,</strong></span> <span class='ocrx_word' id='word_1_128' title='bbox 124 2416 276 2510; x_wconf 63' lang='grc' dir='ltr'><strong><em>προεδριᾶν</em></strong></span> <span class='ocrx_word' id='word_1_129' title='bbox 291 2465 302 2503; x_wconf 83' lang='lat'>‚</span> <span class='ocrx_word' id='word_1_130' title='bbox 319 2424 408 2484; x_wconf 81' lang='grc' dir='ltr'><strong><em>σιτία.</em></strong></span> <span class='ocrx_word' id='word_1_131' title='bbox 426 2413 522 2486; x_wconf 85' lang='lat' dir='ltr'><strong>Haec</strong></span> <span class='ocrx_word' id='word_1_132' title='bbox 538 2411 788 2508; x_wconf 86' lang='lat' dir='ltr'><strong>interpretatio</strong></span> <span class='ocrx_word' id='word_1_133' title='bbox 807 2410 954 2509; x_wconf 88' lang='lat' dir='ltr'><strong>probata</strong></span> <span class='ocrx_word' id='word_1_134' title='bbox 975 2424 1029 2485; x_wconf 87' lang='lat' dir='ltr'><strong>est</strong></span> <span class='ocrx_word' id='word_1_135' title='bbox 1050 2413 1117 2486; x_wconf 89' lang='lat' dir='ltr'><strong>Ba-</strong></span> 
     </span>
     <span class='ocr_line' id='line_1_19' title="bbox 56 2515 1119 2594; baseline 0.003 -7"><span class='ocrx_word' id='word_1_136' title='bbox 56 2515 113 2588; x_wconf 87' lang='lat' dir='ltr'><strong>ebio</strong></span> <span class='ocrx_word' id='word_1_137' title='bbox 127 2520 162 2592; x_wconf 90' lang='lat' dir='ltr'><strong>in</strong></span> <span class='ocrx_word' id='word_1_138' title='bbox 179 2543 337 2592; x_wconf 82' lang='lat' dir='ltr'><strong>censura</strong></span> <span class='ocrx_word' id='word_1_139' title='bbox 358 2517 538 2594; x_wconf 81' lang='lat' dir='ltr'><strong>Athenaei</strong></span> <span class='ocrx_word' id='word_1_140' title='bbox 555 2546 573 2590; x_wconf 91' lang='lat' dir='ltr'><strong>a</strong></span> <span class='ocrx_word' id='word_1_141' title='bbox 591 2517 775 2591; x_wconf 88' lang='lat' dir='ltr'><strong>Dindorfio</strong></span> <span class='ocrx_word' id='word_1_142' title='bbox 796 2519 895 2592; x_wconf 83' lang='lat' dir='ltr'><strong>editi.</strong></span> <span class='ocrx_word' id='word_1_143' title='bbox 909 2518 990 2590; x_wconf 87' lang='lat' dir='ltr'><strong>vid.</strong></span> <span class='ocrx_word' id='word_1_144' title='bbox 1017 2518 1119 2592; x_wconf 82' lang='lat' dir='ltr'><strong>Jahr-</strong></span> 
     </span>
     <span class='ocr_line' id='line_1_20' title="bbox 55 2623 1119 2728; baseline 0.007 -32"><span class='ocrx_word' id='word_1_145' title='bbox 55 2623 165 2702; x_wconf 85' lang='lat' dir='ltr'><strong>bicber</strong></span> <span class='ocrx_word' id='word_1_146' title='bbox 190 2630 255 2702; x_wconf 86' lang='lat' dir='ltr'><strong>fiir</strong></span> <span class='ocrx_word' id='word_1_147' title='bbox 273 2626 468 2728; x_wconf 84' lang='lat' dir='ltr'><strong>Philologie</strong></span> <span class='ocrx_word' id='word_1_148' title='bbox 493 2641 588 2704; x_wconf 90' lang='lat' dir='ltr'><strong>auct.</strong></span> <span class='ocrx_word' id='word_1_149' title='bbox 620 2628 714 2700; x_wconf 88' lang='lat' dir='ltr'><strong>Jahn</strong></span> <span class='ocrx_word' id='word_1_150' title='bbox 740 2628 815 2722; x_wconf 88' lang='lat' dir='ltr'><strong>IX,</strong></span> <span class='ocrx_word' id='word_1_151' title='bbox 839 2627 874 2701; x_wconf 87' lang='lat'><strong>3.</strong></span> <span class='ocrx_word' id='word_1_152' title='bbox 902 2653 938 2727; x_wconf 93' lang='lat' dir='ltr'><strong>p.</strong></span> <span class='ocrx_word' id='word_1_153' title='bbox 967 2625 1051 2702; x_wconf 83' lang='lat'><strong>315.</strong></span> <span class='ocrx_word' id='word_1_154' title='bbox 1069 2673 1119 2690; x_wconf 82' lang='lat'>-</span> 
     </span>
     <span class='ocr_line' id='line_1_21' title="bbox 56 2725 1074 2833; baseline 0.009 -30"><span class='ocrx_word' id='word_1_155' title='bbox 56 2725 180 2824; x_wconf 74' lang='grc' dir='ltr'><strong>χ’ἅιαντα</strong></span> <span class='ocrx_word' id='word_1_156' title='bbox 206 2735 450 2830; x_wconf 81' lang='lat' dir='ltr'><strong>Dindorfius3</strong></span> <span class='ocrx_word' id='word_1_157' title='bbox 474 2738 584 2810; x_wconf 86' lang='lat' dir='ltr'><strong>ceteri</strong></span> <span class='ocrx_word' id='word_1_158' title='bbox 612 2731 639 2833; x_wconf 71' lang='grc' dir='ltr'><strong>γ’</strong></span> <span class='ocrx_word' id='word_1_159' title='bbox 661 2737 803 2828; x_wconf 76' lang='grc' dir='ltr'><em>ἅπαντα,</em></span> <span class='ocrx_word' id='word_1_160' title='bbox 830 2735 888 2814; x_wconf 81' lang='lat' dir='ltr'><strong>vel</strong></span> <span class='ocrx_word' id='word_1_161' title='bbox 911 2767 945 2808; x_wconf 79' lang='grc' dir='ltr'><strong>κε</strong></span> <span class='ocrx_word' id='word_1_162' title='bbox 966 2749 1074 2812; x_wconf 80' lang='grc' dir='ltr'><strong>πάντα.</strong></span> 
     </span>
    </p>

    <p class='ocr_par' dir='ltr' id='par_1_9' title="bbox 54 2844 1195 3589">
     <span class='ocr_line' id='line_1_22' title="bbox 90 2844 1119 2945; baseline 0.007 -30"><span class='ocrx_word' id='word_1_163' title='bbox 90 2867 130 2915; x_wconf 83' lang='lat' dir='ltr'><strong>rs.</strong></span> <span class='ocrx_word' id='word_1_164' title='bbox 162 2869 217 2916; x_wconf 82' lang='lat' dir='ltr'><strong>ra.</strong></span> <span class='ocrx_word' id='word_1_165' title='bbox 245 2854 328 2942; x_wconf 76' lang='grc' dir='ltr'><strong><em>σοφίη</em></strong></span> <span class='ocrx_word' id='word_1_166' title='bbox 352 2844 486 2920; x_wconf 87' lang='lat' dir='ltr'><strong>dicitur</strong></span> <span class='ocrx_word' id='word_1_167' title='bbox 502 2850 689 2943; x_wconf 64' lang='lat' dir='ltr'><strong>poetarum</strong></span> <span class='ocrx_word' id='word_1_168' title='bbox 705 2871 761 2920; x_wconf 89' lang='lat' dir='ltr'><strong>ars</strong></span> <span class='ocrx_word' id='word_1_169' title='bbox 779 2857 817 2919; x_wconf 91' lang='lat' dir='ltr'><strong>et</strong></span> <span class='ocrx_word' id='word_1_170' title='bbox 831 2845 1023 2944; x_wconf 85' lang='lat' dir='ltr'><strong>sapientia,</strong></span> <span class='ocrx_word' id='word_1_171' title='bbox 1044 2869 1119 2945; x_wconf 81' lang='lat' dir='ltr'><strong>qua</strong></span> 
     </span>
     <span class='ocr_line' id='line_1_23' title="bbox 56 2943 1117 3051; baseline 0.009 -35"><span class='ocrx_word' id='word_1_172' title='bbox 56 2943 119 3019; x_wconf 86' lang='lat' dir='ltr'><strong>olim</strong></span> <span class='ocrx_word' id='word_1_173' title='bbox 137 2952 254 3024; x_wconf 86' lang='lat' dir='ltr'><strong>omnis</strong></span> <span class='ocrx_word' id='word_1_174' title='bbox 271 2963 348 3023; x_wconf 86' lang='lat' dir='ltr'><strong>tam</strong></span> <span class='ocrx_word' id='word_1_175' title='bbox 365 2951 586 3050; x_wconf 81' lang='lat' dir='ltr'><strong>privatarum</strong></span> <span class='ocrx_word' id='word_1_176' title='bbox 604 2977 715 3051; x_wconf 88' lang='lat' dir='ltr'><strong>quam</strong></span> <span class='ocrx_word' id='word_1_177' title='bbox 734 2949 965 3050; x_wconf 86' lang='lat' dir='ltr'><strong>publicarum</strong></span> <span class='ocrx_word' id='word_1_178' title='bbox 992 2977 1117 3026; x_wconf 88' lang='lat' dir='ltr'><strong>rarum</strong></span> 
     </span>
     <span class='ocr_line' id='line_1_24' title="bbox 55 3053 1119 3158; baseline 0.004 -28"><span class='ocrx_word' id='word_1_179' title='bbox 55 3053 215 3158; x_wconf 79' lang='lat' dir='ltr'><strong>disciplina</strong></span> <span class='ocrx_word' id='word_1_180' title='bbox 240 3061 507 3142; x_wconf 75' lang='lat' dir='ltr'><strong>continebatur.</strong></span> <span class='ocrx_word' id='word_1_181' title='bbox 529 3060 666 3138; x_wconf 88' lang='lat' dir='ltr'><strong>Eadem</strong></span> <span class='ocrx_word' id='word_1_182' title='bbox 688 3085 773 3138; x_wconf 82' lang='lat' dir='ltr'><strong>mox</strong></span> <span class='ocrx_word' id='word_1_183' title='bbox 800 3085 850 3136; x_wconf 86' lang='lat' dir='ltr'><strong>vs.</strong></span> <span class='ocrx_word' id='word_1_184' title='bbox 881 3060 1119 3152; x_wconf 73' lang='grc' dir='ltr'><strong>ι4ι1ἰιιίῑιιιὴ</strong></span> 
     </span>
     <span class='ocr_line' id='line_1_25' title="bbox 54 3167 1119 3268; baseline 0.004 -30"><span class='ocrx_word' id='word_1_185' title='bbox 54 3171 135 3254; x_wconf 61' lang='lat' dir='ltr'><strong>bebi</strong></span> <span class='ocrx_word' id='word_1_186' title='bbox 153 3180 233 3268; x_wconf 75' lang='grc' dir='ltr'><strong><em>σοφίῃ</em></strong></span> <span class='ocrx_word' id='word_1_187' title='bbox 257 3167 295 3240; x_wconf 91' lang='lat' dir='ltr'><strong>h.</strong></span> <span class='ocrx_word' id='word_1_188' title='bbox 329 3194 361 3245; x_wconf 92' lang='lat' dir='ltr'><strong>e.</strong></span> <span class='ocrx_word' id='word_1_189' title='bbox 398 3176 571 3264; x_wconf 72' lang='lat' dir='ltr'><strong>captantia</strong></span> <span class='ocrx_word' id='word_1_190' title='bbox 610 3175 702 3242; x_wconf 76' lang='lat' dir='ltr'><strong>atma</strong></span> <span class='ocrx_word' id='word_1_191' title='bbox 714 3219 729 3256; x_wconf 89' lang='lat'><em>,</em></span> <span class='ocrx_word' id='word_1_192' title='bbox 764 3173 937 3242; x_wconf 72' lang='lat' dir='ltr'><strong>actuaria</strong></span> <span class='ocrx_word' id='word_1_193' title='bbox 949 3220 964 3255; x_wconf 92' lang='lat'><em>,</em></span> <span class='ocrx_word' id='word_1_194' title='bbox 1002 3167 1119 3244; x_wconf 78' lang='lat' dir='ltr'><strong>veluti</strong></span> 
     </span>
     <span class='ocr_line' id='line_1_26' title="bbox 56 3273 1118 3374; baseline 0.002 -26"><span class='ocrx_word' id='word_1_195' title='bbox 56 3277 137 3360; x_wconf 62' lang='lat' dir='ltr'><strong>isaii</strong></span> <span class='ocrx_word' id='word_1_196' title='bbox 159 3280 254 3363; x_wconf 72' lang='lat' dir='ltr'><strong>e‘trrtc,</strong></span> <span class='ocrx_word' id='word_1_197' title='bbox 282 3283 387 3372; x_wconf 60' lang='grc' dir='ltr'><em>ἀγαθὴ</em></span> <span class='ocrx_word' id='word_1_198' title='bbox 414 3295 525 3374; x_wconf 75' lang='grc' dir='ltr'><em>μοῖρα,</em></span> <span class='ocrx_word' id='word_1_199' title='bbox 553 3285 590 3348; x_wconf 91' lang='lat' dir='ltr'><strong>et</strong></span> <span class='ocrx_word' id='word_1_200' title='bbox 617 3273 715 3372; x_wconf 85' lang='lat' dir='ltr'><strong>apud</strong></span> <span class='ocrx_word' id='word_1_201' title='bbox 730 3273 873 3346; x_wconf 86' lang='lat' dir='ltr'><strong>Latinos</strong></span> <span class='ocrx_word' id='word_1_202' title='bbox 898 3275 1006 3348; x_wconf 76' lang='lat' dir='ltr'><strong>bonae</strong></span> <span class='ocrx_word' id='word_1_203' title='bbox 1021 3287 1118 3353; x_wconf 74' lang='lat' dir='ltr'><strong>arten</strong></span> 
     </span>
     <span class='ocr_line' id='line_1_27' title="bbox 56 3373 1195 3480; baseline 0.004 -31"><span class='ocrx_word' id='word_1_204' title='bbox 56 3373 214 3454; x_wconf 83' lang='lat' dir='ltr'><strong>dicuntur.</strong></span> <span class='ocrx_word' id='word_1_205' title='bbox 240 3383 485 3478; x_wconf 88' lang='lat' dir='ltr'><strong>Quamobrem</strong></span> <span class='ocrx_word' id='word_1_206' title='bbox 519 3379 766 3454; x_wconf 87' lang='lat' dir='ltr'><strong>Valckenaerii</strong></span> <span class='ocrx_word' id='word_1_207' title='bbox 794 3382 1019 3476; x_wconf 76' lang='lat' dir='ltr'><strong>conjectura,</strong></span> <span class='ocrx_word' id='word_1_208' title='bbox 1050 3406 1116 3480; x_wconf 91' lang='lat' dir='ltr'><strong>pro</strong></span> <span class='ocrx_word' id='word_1_209' title='bbox 1187 3431 1195 3442; x_wconf 89' lang='lat'><em>-</em></span> 
     </span>
     <span class='ocr_line' id='line_1_28' title="bbox 56 3487 873 3589; baseline -0.001 -29"><span class='ocrx_word' id='word_1_210' title='bbox 56 3489 151 3574; x_wconf 67' lang='grc' dir='ltr'><strong><em>ι’γιὲῆς</em></strong></span> <span class='ocrx_word' id='word_1_211' title='bbox 173 3488 243 3589; x_wconf 85' lang='lat' dir='ltr'><strong>leg.</strong></span> <span class='ocrx_word' id='word_1_212' title='bbox 267 3501 401 3586; x_wconf 79' lang='grc' dir='ltr'><strong><em>ἀγαιῆς,</em></strong></span> <span class='ocrx_word' id='word_1_213' title='bbox 425 3513 690 3589; x_wconf 87' lang='lat' dir='ltr'><strong>supervacanea</strong></span> <span class='ocrx_word' id='word_1_214' title='bbox 716 3487 873 3564; x_wconf 83' lang='lat' dir='ltr'><strong>videtur.</strong></span> 
     </span>
    </p>

    <p class='ocr_par' dir='ltr' id='par_1_10' title="bbox 56 3591 1117 4124">
     <span class='ocr_line' id='line_1_29' title="bbox 92 3591 1117 3693; baseline 0.003 -30"><span class='ocrx_word' id='word_1_215' title='bbox 92 3617 134 3664; x_wconf 84' lang='lat' dir='ltr'><strong>rs.</strong></span> <span class='ocrx_word' id='word_1_216' title='bbox 170 3595 225 3668; x_wconf 89' lang='lat'><strong>16.</strong></span> <span class='ocrx_word' id='word_1_217' title='bbox 258 3601 352 3668; x_wconf 81' lang='grc' dir='ltr'><strong><em>λαοῖσι</em></strong></span> <span class='ocrx_word' id='word_1_218' title='bbox 382 3607 481 3690; x_wconf 83' lang='grc' dir='ltr'><em>μετείη</em></span> <span class='ocrx_word' id='word_1_219' title='bbox 514 3598 667 3690; x_wconf 87' lang='lat' dir='ltr'><strong>conjecit</strong></span> <span class='ocrx_word' id='word_1_220' title='bbox 700 3595 906 3693; x_wconf 84' lang='lat' dir='ltr'><strong>Stephanus</strong></span> <span class='ocrx_word' id='word_1_221' title='bbox 944 3595 983 3665; x_wconf 90' lang='lat' dir='ltr'><strong>in</strong></span> <span class='ocrx_word' id='word_1_222' title='bbox 1016 3591 1117 3666; x_wconf 81' lang='lat' dir='ltr'><strong>Poe&#39;si</strong></span> 
     </span>
     <span class='ocr_line' id='line_1_30' title="bbox 56 3690 1117 3804; baseline 0.002 -34"><span class='ocrx_word' id='word_1_223' title='bbox 56 3690 160 3774; x_wconf 80' lang='lat' dir='ltr'><strong>Philus.</strong></span> <span class='ocrx_word' id='word_1_224' title='bbox 174 3729 210 3802; x_wconf 94' lang='lat' dir='ltr'><strong>p.</strong></span> <span class='ocrx_word' id='word_1_225' title='bbox 234 3729 324 3797; x_wconf 81' lang='lat'>22¹3</span> <span class='ocrx_word' id='word_1_226' title='bbox 345 3702 512 3804; x_wconf 87' lang='lat' dir='ltr'><strong>probavit</strong></span> <span class='ocrx_word' id='word_1_227' title='bbox 525 3703 648 3776; x_wconf 86' lang='lat' dir='ltr'><strong>Jacobs</strong></span> <span class='ocrx_word' id='word_1_228' title='bbox 663 3701 687 3772; x_wconf 92' lang='lat' dir='ltr'><strong>l.</strong></span> <span class='ocrx_word' id='word_1_229' title='bbox 703 3701 728 3774; x_wconf 91' lang='lat' dir='ltr'><strong>l.</strong></span> <span class='ocrx_word' id='word_1_230' title='bbox 746 3714 784 3776; x_wconf 87' lang='lat' dir='ltr'><strong>et</strong></span> <span class='ocrx_word' id='word_1_231' title='bbox 802 3702 938 3798; x_wconf 91' lang='lat' dir='ltr'><strong>recepit</strong></span> <span class='ocrx_word' id='word_1_232' title='bbox 953 3699 1117 3772; x_wconf 83' lang='lat' dir='ltr'><strong>Dindorf.</strong></span> 
     </span>
     <span class='ocr_line' id='line_1_31' title="bbox 56 3797 1115 3910; baseline 0.006 -34"><span class='ocrx_word' id='word_1_233' title='bbox 56 3797 233 3904; x_wconf 79' lang='lat' dir='ltr'><strong>tegebatur</strong></span> <span class='ocrx_word' id='word_1_234' title='bbox 255 3818 365 3884; x_wconf 74' lang='grc' dir='ltr'><strong><em>λαοῖσιν</em></strong></span> <span class='ocrx_word' id='word_1_235' title='bbox 386 3806 427 3881; x_wconf 83' lang='grc' dir='ltr'><strong>ἔτ’</strong></span> <span class='ocrx_word' id='word_1_236' title='bbox 450 3820 514 3900; x_wconf 72' lang='lat' dir='ltr'><strong>aa,</strong></span> <span class='ocrx_word' id='word_1_237' title='bbox 532 3810 745 3910; x_wconf 88' lang='lat' dir='ltr'><strong>permutatis</strong></span> <span class='ocrx_word' id='word_1_238' title='bbox 758 3808 918 3883; x_wconf 89' lang='lat' dir='ltr'><strong>literisN</strong></span> <span class='ocrx_word' id='word_1_239' title='bbox 940 3819 977 3880; x_wconf 89' lang='lat' dir='ltr'><strong>et</strong></span> <span class='ocrx_word' id='word_1_240' title='bbox 998 3807 1044 3878; x_wconf 81' lang='lat' dir='ltr'><strong>M.</strong></span> <span class='ocrx_word' id='word_1_241' title='bbox 1070 3808 1115 3882; x_wconf 87' lang='lat' dir='ltr'><strong>cf.</strong></span> 
     </span>
     <span class='ocr_line' id='line_1_32' title="bbox 57 3906 1116 4010; baseline 0.001 -22"><span class='ocrx_word' id='word_1_242' title='bbox 57 3906 174 3990; x_wconf 75' lang='lat' dir='ltr'><strong>Homer.</strong></span> <span class='ocrx_word' id='word_1_243' title='bbox 197 3919 241 3990; x_wconf 93' lang='lat' dir='ltr'><strong>ll.</strong></span> <span class='ocrx_word' id='word_1_244' title='bbox 259 3949 289 4010; x_wconf 83' lang='lat' dir='ltr'><strong>e,</strong></span> <span class='ocrx_word' id='word_1_245' title='bbox 308 3919 368 3994; x_wconf 90' lang='lat'><strong>85.</strong></span> <span class='ocrx_word' id='word_1_246' title='bbox 386 3918 431 3991; x_wconf 90' lang='lat' dir='ltr'><strong>al.</strong></span> <span class='ocrx_word' id='word_1_247' title='bbox 448 3919 516 3993; x_wconf 87' lang='lat' dir='ltr'><strong>Hic</strong></span> <span class='ocrx_word' id='word_1_248' title='bbox 532 3933 655 3993; x_wconf 91' lang='lat' dir='ltr'><strong>autem</strong></span> <span class='ocrx_word' id='word_1_249' title='bbox 671 3916 827 3990; x_wconf 88' lang='lat' dir='ltr'><strong>notanda</strong></span> <span class='ocrx_word' id='word_1_250' title='bbox 842 3915 1010 3988; x_wconf 89' lang='lat' dir='ltr'><strong>orationis</strong></span> <span class='ocrx_word' id='word_1_251' title='bbox 1028 3941 1116 3989; x_wconf 91' lang='lat' dir='ltr'><strong>con-</strong></span> 
     </span>
     <span class='ocr_line' id='line_1_33' title="bbox 58 4023 1116 4124; baseline 0.002 -32"><span class='ocrx_word' id='word_1_252' title='bbox 58 4025 203 4120; x_wconf 74' lang='lat' dir='ltr'><strong>structio,</strong></span> <span class='ocrx_word' id='word_1_253' title='bbox 228 4028 292 4098; x_wconf 72' lang='lat' dir='ltr'><strong>cire</strong></span> <span class='ocrx_word' id='word_1_254' title='bbox 316 4035 342 4098; x_wconf 84' lang='grc' dir='ltr'><strong>εἰ</strong></span> <span class='ocrx_word' id='word_1_255' title='bbox 362 4033 472 4109; x_wconf 78' lang='grc' dir='ltr'><strong>πύκτης</strong></span> <span class='ocrx_word' id='word_1_256' title='bbox 490 4033 606 4124; x_wconf 66' lang='grc' dir='ltr'><strong>ἀγαθὸς</strong></span> <span class='ocrx_word' id='word_1_257' title='bbox 627 4069 676 4083; x_wconf 93' lang='lat'>-</span> <span class='ocrx_word' id='word_1_258' title='bbox 689 4025 754 4097; x_wconf 75' lang='lat' dir='ltr'><strong>circ</strong></span> <span class='ocrx_word' id='word_1_259' title='bbox 779 4034 805 4096; x_wconf 78' lang='lat' dir='ltr'><strong>si</strong></span> <span class='ocrx_word' id='word_1_260' title='bbox 831 4027 1026 4114; x_wconf 63' lang='grc' dir='ltr'><strong>πενταθλεῖν,</strong></span> <span class='ocrx_word' id='word_1_261' title='bbox 1052 4023 1116 4097; x_wconf 77' lang='lat' dir='ltr'><strong>circ</strong></span> 
     </span>
    </p>
   </div>
   <div class='ocr_carea' id='block_1_9' title="bbox 0 0 1427 4820">
    <p class='ocr_par' dir='ltr' id='par_1_11' title="bbox 0 0 1427 4820">
     <span class='ocr_line' id='line_1_34' title="bbox 0 0 1427 4820; baseline 0 0"><span class='ocrx_word' id='word_1_262' title='bbox 0 0 1427 4820; x_wconf 95' lang='lat' dir='ltr'><strong> </strong></span> 
     </span>
    </p>
   </div>
  </div>
 </body>
</html>
