2840 4820
302 363 348 430 84
749 387 941 430 xenornsrus

302 543 462 625 Deswert
485 543 640 622 Diss'de
671 547 857 622 Heraclide
890 549 1036 620 Pontioo
1079 570 1197 644 nuper
1234 546 1373 622 Loranii

298 651 412 745 edila,
436 682 472 753 p.
500 655 574 728 106.

775 867 904 931 XXXII.

347 1107 521 1206 Diogenes
544 1104 703 1174 Laertius
725 1103 759 1194 1,
774 1116 858 1176 sect.
884 1128 961 1174 111.
987 1104 1227 1197 Epimenidem
1251 1102 1370 1177 vixisse

298 1227 495 1304 memorat,
527 1224 565 1290 ὡς
594 1212 840 1308 Ξενοφάνης
874 1221 888 1280 ὁ
926 1214 1196 1308 Κολοφώνιος
1227 1221 1370 1292 ἀκηκοέναι

298 1329 387 1420 φησὶ,
415 1328 544 1416 τέσσαρα
570 1325 637 1416 πρὸς
663 1339 719 1396 τοῖς
747 1328 922 1396 πεντήκοντα
953 1315 1054 1386 ἕκατον
1081 1315 1159 1412 (ἔτη
1176 1317 1203 1414 ).
1229 1316 1283 1388 De
1308 1317 1370 1389 hu-

294 1429 355 1521 jus
380 1437 495 1497 aelate
523 1435 657 1522 quanta
681 1423 777 1493 inter
800 1434 938 1494 veteres
976 1421 1087 1494 fuerit
1123 1421 1289 1493 dissensio
1313 1449 1369 1493 no-

296 1543 377 1603 lum
405 1543 481 1621 est3
511 1557 531 1600 a
558 1526 786 1623 Xenophanis
812 1527 993 1598 notatione
1018 1552 1091 1597 non
1116 1525 1277 1598 multum
1303 1525 1370 1599 dis-

296 1649 445 1734 crepant
465 1635 714 1732 Theopompus
736 1645 773 1704 et
790 1631 948 1730 Phlegon
968 1631 1180 1724 Trallianus,
1203 1635 1269 1730 qui
1291 1659 1369 1706 eum

295 1755 445 1814 centum
472 1753 509 1812 et
533 1738 796 1837 quinquaginta
819 1751 954 1835 septem
987 1764 1096 1810 annos
1114 1741 1239 1812 vixisse
1265 1741 1369 1837 scrip-

295 1859 431 1920 serunt.
455 1845 534 1918 Vid.
549 1845 768 1942 Theopompi
790 1845 913 1942 fragm.
935 1842 985 1942 69
1008 1845 1063 1916 ed.
1080 1844 1262 1937 Wichers‚
1282 1849 1368 1940 ejus·

293 1979 367 2052 que
403 1951 580 2026 animadv.
622 1977 658 2048 p.
698 1951 776 2048 159.
811 1951 864 2022 Ex
898 1951 1027 2026 horum
1059 1953 1196 2050 scriptis
1235 1952 1367 2025 fortasse

292 2061 528 2161 Xenophanis
549 2059 642 2131 illud
658 2060 902 2132 testimonium
916 2085 936 2129 a
954 2058 1111 2158 Diogene
1126 2059 1279 2132 ductum
1300 2072 1363 2150 est,

292 2167 390 2265 quod
416 2167 539 2239 laudat
562 2163 767 2238 Dodwellus
791 2161 815 2234 l.
834 2163 859 2235 l.
885 2191 921 2262 p.
953 2162 1031 2261 159.

756 2443 904 2507 XXXIII.

338 2682 445 2780 Apud
459 2679 643 2753 Pollucem
659 2679 732 2772 IX,
757 2678 824 2771 83,
838 2706 873 2777 p.
902 2677 1017 2772 1063,
1045 2681 1091 2754 de
1116 2695 1280 2756 monetae
1298 2685 1362 2754 ori-

288 2789 371 2888 gine
401 2789 612 2888 quaeritur,
641 2797 697 2856 εἴτε
725 2790 832 2858 Φείδων
857 2798 872 2857 ὁ
894 2783 1022 2884 Ἀργεῖος
1051 2809 1157 2887 πρῶτος
1182 2791 1295 2888 ἔγραψε
1322 2801 1362 2860 al·

288 2924 399 2988 μισμα,
422 2903 612 2962 --εἴτε
637 2894 799 2982 Λὺδοι,
825 2900 911 2964 καθά
938 2923 1006 2992 paor
1031 2895 1362 2994 Eeaopoaane·

288 3001 492 3099 nophanem
529 2999 793 3097 Colophonium
825 3013 921 3074 recte
957 3001 1015 3074 hic
1043 2999 1288 3101 intelligunt,
1323 3003 1360 3073 si-

287 3109 435 3206 quidem
461 3134 533 3179 non
549 3107 703 3181 dubium
720 3120 793 3198 est,
817 3121 963 3207 propter
988 3109 1167 3209 Lydorum
1193 3137 1278 3182 cum
1299 3109 1363 3180 Co-

286 3213 462 3313 lophoniis
488 3215 786 3289 consuetudinem
818 3214 964 3288 illorum
998 3243 1113 3290 mores
1136 3231 1172 3289 et
1206 3218 1359 3289 instituta

286 3321 498 3419 Xenophani
520 3321 620 3394 haud
643 3321 750 3395 fuisse
774 3323 976 3421 incognita3
1002 3323 1157 3398 vidimus
1183 3323 1289 3395 etiam
1312 3323 1358 3418 ip

285 3428 358 3499 sius
398 3453 520 3503 versus
561 3429 601 3498 in
639 3427 773 3526 quihus
804 3427 983 3527 Lydorum
1023 3427 1106 3500 facit
1147 3431 1357 3502 mentionem

285 3535 409 3634 fragm.
443 3535 517 3605 XX.
552 3533 606 3607 De
636 3561 676 3608 re
705 3537 778 3633 ipsa
811 3561 940 3635 magna
974 3535 1044 3608 fuit
1074 3537 1170 3608 inter
1201 3537 1357 3634 antiquos

284 3642 472 3740 scriptores
499 3643 757 3734 controversia3
788 3668 871 3714 oum
903 3641 1131 3739 Xenophanis
1165 3642 1356 3714 testimonio

283 3749 449 3845 congruit
476 3747 677 3821 Herodotus
699 3745 740 3839 I,
766 3751 835 3846 94,
861 3749 925 3846 qui
951 3749 996 3821 de
1018 3749 1124 3844 Lydis
1146 3747 1233 3821 dicit
1255 3775 1263 3819 ι
1285 3765 1354 3842 πρῶ-

281 3879 321 3921 τοι
349 3849 377 3923 δ’
402 3861 567 3952 ἀνθρώπων
595 3874 650 3926 τῶν
675 3869 757 3948 ἡμεῖς
784 3859 865 3949 ἴδμεν
892 3866 1017 3950 νόμισμα
1043 3871 1149 3953 χρυσοῦ
1174 3863 1224 3926 καί
1247 3865 1354 3950 ἀργυροῦ

282 3963 430 4050 »mapsam
453 3969 624 4058 ἐχρήσαντο.
640 3961 684 4034 cf.
699 3961 851 4035 Larcher
863 3962 908 4034 ad
921 3961 1089 4035 Herodot.
1117 3961 1160 4033 T.
1184 3961 1223 4055 Ι,
1242 3987 1275 4057 p.
1289 3958 1351 4056 372

280 4088 332 4160 sq.
364 4065 483 4162 Payne
506 4067 640 4166 Knight
666 4067 804 4167 Proleg.
832 4069 876 4143 ad
900 4069 1042 4144 Homer.
1070 4063 1096 4163 S
1120 4067 1176 4140 58.
