2870 4824
289 297 336 364 w
741 320 935 364 xerorrrrrrs

289 468 459 568 Leydens.
494 481 685 568 excerptus
727 495 746 541 a
778 467 1034 546 Valckenaerio
1064 467 1176 540 Diatr.
1206 470 1358 568 Euripid.

289 601 324 674 p.
345 574 434 675 195,
456 589 493 649 et
507 575 624 650 Schol.
648 574 784 649 Villois.
812 576 858 652 ad
882 575 983 652 Iliad.
1010 575 1035 648 l.
1063 573 1087 648 l.
1113 575 1178 648 ubi
1197 576 1235 648 in
1256 577 1361 674 primo

288 709 397 761 versu
431 710 496 782 pro
534 691 601 756 ιιοιι·
637 683 771 786 legitur
806 687 869 776 δὲ,
900 683 1016 759 voluit
1044 684 1188 757 fortasse
1214 687 1261 768 δὴ.
1290 683 1361 758 Dic-

288 803 369 865 tum
394 791 461 865 hoe
485 792 530 864 de
552 793 649 864 Iride
671 819 757 866 cum
784 793 910 866 ceteris
928 791 1156 889 Xenophanis
1176 790 1308 890 placitis
1323 793 1363 866 de

287 899 463 974 sideribus
487 925 632 998 prorsus
656 901 844 990 convenit,
864 925 957 998 quae
977 900 1071 972 infra
1092 898 1361 998 explicabimus:

287 1005 355 1079 hoc
381 1018 504 1080 autem
530 1032 616 1079 cum
642 1008 791 1080 Homeri
809 1007 905 1078 dicto
921 1005 1093 1078 collatum
1111 1007 1293 1081 veteribus
1310 1008 1363 1080 de-

288 1113 343 1187 dir
366 1113 575 1212 disputandi
599 1112 738 1204 locum,
765 1125 809 1186 ut
833 1126 933 1185 notat
958 1113 1189 1186 Eustathius:
1208 1117 1364 1214 Ξοοράνως

290 1229 355 1320 περὶ
378 1242 427 1306 τῆς
444 1221 551 1319 Ἴριδος
572 1231 603 1297 ἐν
629 1235 758 1321 ἡρωῖιιοῖς
775 1223 873 1295 ἔπεσιν
896 1225 967 1294 aire
993 1231 1157 1321 φράζοντος,
1177 1265 1226 1278 —-
1249 1235 1271 1294 οῖ
1294 1236 1365 1320 άιιρι-

286 1333 403 1428 βέςεροι
433 1339 591 1426 ὁρμώμενοι
617 1339 652 1402 ἐκ
677 1344 723 1402 τοῦ
766 1328 987 1428 (Ὁμηρικοῦ)
1017 1338 1056 1403 ἐν
1087 1339 1202 1428 νέφεῖ
1228 1336 1365 1428 ςήριξε

289 1441 398 1534 φασῖν,
424 1437 454 1506 ον’
478 1445 554 1534 νέφος
580 1434 653 1506 εἶναι
679 1447 730 1522 τὴν
747 1433 822 1534 Ἶριν
859 1438 936 1508 ἀλλὰ
961 1441 1057 1516 πάθος
1081 1443 1148 1532 περὶ
1171 1445 1268 1536 νέφος,
1306 1441 1363 1506 κτλ.

338 1622 510 1697 Ceterum
529 1637 600 1698 tres
619 1623 723 1696 Iridis
741 1622 891 1714 colores,
910 1623 1011 1696 unde
1028 1624 1102 1722 ipsa
1125 1635 1252 1722 τριχρως
1267 1623 1364 1720 dieta,

288 1728 459 1804 celebrati
473 1745 558 1803 sunt
572 1757 591 1804 ιι
606 1730 805 1820 veteribus,
823 1755 1046 1830 quamquam
1060 1731 1159 1804 varie
1177 1733 1365 1804 nominati:

288 1837 504 1936 Xenophani
529 1843 560 1908 τὸ
583 1843 734 1935 πορφύρεον
760 1837 912 1928 dicitur,
939 1837 1036 1936 quod
1062 1851 1117 1912 est
1141 1839 1244 1938 nigro
1269 1837 1367 1912 colori

286 1947 524 2045 proximum3
551 1943 719 2042 pallidius
749 1951 780 2014 τὸ
809 1955 963 2043 φοινίκεον,
991 1970 1176 2034 croceum
1202 1952 1235 2015 τὸ
1266 1950 1367 2044 χλωρὸν

287 2053 448 2151 denique
464 2047 545 2124 albo
565 2051 786 2148 proximum.
806 2051 883 2122 Etsi
900 2057 931 2121 τὸ
954 2064 1103 2150 πορφυροῦν
1129 2066 1166 2124 et
1191 2057 1221 2122 τὸ
1246 2065 1367 2150 φοινικοῦν

287 2161 501 2256 frequenter
521 2153 637 2231 solent
661 2155 851 2247 confundi,
866 2157 1143 2256 distinguuntur
1161 2170 1284 2232 tamen
1303 2184 1367 2236 ma·

287 2265 417 2340 nifeeto
441 2263 487 2340 ab
510 2261 703 2338 Aristotele
725 2263 1016 2356 Mereor.111,4.
1045 2289 1080 2360 p.
1108 2263 1196 2362 447,
1220 2263 1278 2334 D:
1298 2274 1328 2334 τό
1341 2291 1368 2332 τι

288 2380 395 2468 λύχνον
416 2392 473 2472 φῶς
497 2373 526 2442 ον’
550 2374 650 2440 λευκὸν
675 2373 753 2442 ἀλλὰ
777 2385 929 2469 πορφνροῦν
953 2382 1082 2470 φαίνεται
1107 2374 1206 2464 κύκλῳ
1230 2377 1281 2442 καὶ
1303 2381 1369 2468 ι’ροῖι·

287 2485 360 2570 δες,
385 2491 517 2580 φοινικῶν
545 2479 574 2548 δ’
598 2476 641 2548 οὗ.
667 2477 769 2550 Idem
794 2477 938 2554 Meteor.
970 2477 1047 2568 ΙΙΙ,
1076 2501 1109 2546 2.
1141 2502 1177 2574 p.
1208 2477 1313 2569 445,
1341 2475 1370 2548 Α

286 2591 352 2664 hos
375 2601 448 2662 tres
472 2585 636 2658 nominat
660 2584 765 2658 Iridis
788 2585 922 2660 colores
936 2612 944 2656 :
958 2591 989 2656 τὸ
1012 2597 1145 2682 φοινιιοῡν
1170 2591 1220 2656 καὶ
1244 2597 1370 2682 πράσινον

287 2704 339 2768 καὶ
359 2700 516 2792 ἅλοιρφόν,
540 2695 580 2766 in
602 2691 737 2790 qulbus
759 2701 789 2764 τὸ
808 2697 942 2791 ἁλουργὸν
968 2705 1022 2768 est
1046 2693 1163 2791 nigro,
1190 2699 1221 2762 τὸ
1245 2705 1370 2792 φοινικῶν

290 2801 372 2876 albo
397 2801 509 2876 colori
541 2801 776 2898 proximum,
809 2801 971 2872 medium
996 2801 1092 2872 inter
1117 2812 1318 2900 utrumque
1345 2805 1370 2870 tl

288 2909 435 3008 πράοινονζ
461 2905 575 2980 Multa
600 2931 709 3004 super
746 2905 801 2978 his
825 2907 1006 2979 disserunt
1036 2905 1236 2979 Aristotelis
1262 2910 1371 2981 inter-

288 3027 408 3114 pretes
432 3013 637 3086 Alexander
655 3025 693 3085 et
708 3009 983 3111 Olympiodorus
998 3013 1037 3084 in
1054 3015 1315 3086 commentariis
1330 3011 1369 3086 ad

288 3119 574 3219 Μιιῐιεοτοίιιςὶοιί.Ι
