2870 4824
499 391 681 446 narramur.
1086 369 1131 436 59

69 541 233 618 snsaliena
257 539 417 616 videtur.
442 537 591 640 Duplex
616 551 741 614 autern
756 566 795 614 se
813 539 985 616 offerebat
1007 565 1131 616 emen*

68 653 169 738 deiiO,
210 646 327 722 altera
363 658 415 732 τὴν
450 647 543 744 ἶγνων
570 651 796 748 φθεγξαμένην,
824 647 935 722 altera
960 668 1010 733 τῆς
1038 650 1132 746 ἔγνων

68 763 272 860 φθεγξαμένης,
302 780 460 854 quarum
484 757 714 854 posteriorem
739 757 899 854 recipere
924 781 998 831 non
1021 757 1134 830 dubi·

68 871 140 956 tui,
163 863 264 964 quod
292 889 368 935 non
395 862 514 936 solum
542 863 650 940 verba
677 865 881 952 audiendi,
909 864 1013 940 velut
1039 873 1133 959 tatu,

68 981 175 1062 σολον,
201 971 401 1046 sedetiam
426 973 669 1066 macerandi,
694 981 889 1067 pyrocarae,
918 983 1066 1061 σννίινοιι,
1091 980 1136 1044 ἐν·

67 1101 139 1172 νεῖν,
164 1075 209 1150 al.
236 1103 348 1176 saepe
365 1079 525 1177 genitivo
535 1082 766 1176 junguntur,
784 1082 995 1176 praesertim
1012 1077 1040 1150 si
1057 1101 1136 1176 par·

67 1187 207 1284 ticipinm
227 1185 391 1259 additur.
410 1183 612 1258 Oracnlum
628 1185 729 1282 apud
740 1183 908 1256 Herodot.
928 1184 968 1274 1,
995 1181 1040 1282 47
1059 1210 1067 1255 :
1086 1189 1137 1254 καὶ

67 1305 135 1393 sofar
160 1305 277 1387 συνίημι
312 1300 365 1364 καὶ
394 1295 424 1366 ω’
452 1306 604 1391 φωνεῦντος
634 1296 737 1363 ἀκούω.
774 1287 876 1362 Plato
908 1290 948 1361 in
983 1288 1134 1390 Apolog.

68 1402 141 1473 Soet.
166 1427 201 1499 p.
232 1427 310 1498 27,
335 1399 371 1472 A
389 1425 397 1471 t
416 1429 478 1498 αρα
506 1408 648 1496 γνώσεται
676 1403 833 1496 Σωκράτης
859 1405 875 1466 ὁ
901 1405 982 1495 σόφος
1011 1399 1138 1490 δὴἐμοῡ
1225 1491 1228 1500 Ι

68 1517 302 1606 χοριεντιζσμένω.
332 1507 387 1580 Id.
401 1506 518 1582 Aloib.
544 1507 587 1596 I,
615 1531 650 1604 p.
684 1529 775 1605 129,
798 1505 851 1576 B:
870 1513 961 1576 καίτοι
983 1511 1066 1576 ἐννοῶ
1089 1517 1137 1576 cai

68 1627 174 1696 είσονοος.
201 1617 338 1715 Itaque
361 1613 459 1688 idem
483 1639 583 1688 casus
608 1625 647 1688 et
671 1613 716 1687 ad
739 1611 893 1689 verbum
917 1607 1011 1707 ἔγνων
1033 1621 1071 1684 et
1093 1609 1139 1685 ad

69 1724 281 1823 participium
306 1730 376 1794 ἀΐων
399 1733 514 1822 potest
538 1721 689 1810 referri,
711 1720 811 1819 quod
834 1743 946 1818 quam
970 1719 1140 1818 frequens

68 1832 99 1902 sit
112 1831 203 1929 apud
223 1828 399 1923 Graecos,
415 1855 491 1904 non
516 1853 607 1928 opus
625 1839 679 1902 est
700 1826 826 1899 multis
841 1824 1033 1902 declarare.
1052 1825 1133 1898 Vid.

69 1961 137 2033 eg.
158 1937 309 2012 Homer.
330 1937 398 2010 Od.
424 1949 456 2009 α’.
488 1935 548 2009 26.
573 1931 772 2031 Aeschylus
799 1933 897 2030 Sept.
925 1930 1004 2008 adv.
1025 1931 1136 2006 Theb.

68 2042 132 2140 926.
154 2045 302 2134 Pindar.
329 2043 386 2117 Ol.
413 2044 528 2138 vm,
557 2067 614 2115 ao.

541 2340 629 2406 xrx.
748 2293 751 2300 ¹

102 2555 309 2632 Athenaeus
321 2556 370 2647 X,
387 2581 423 2654 p.
439 2555 523 2648 413.
542 2581 595 2655 sq.¹
622 2555 794 2657 elegiacos
810 2557 1040 2658 Xenophanis
1055 2583 1136 2632 ver·

70 2686 112 2736 sos
128 2663 276 2756 laudat,
304 2663 438 2764 quibus
463 2661 610 2762 publica
627 2663 799 2738 ludorum
813 2669 1026 2759 certamina,
1045 2693 1140 2767 quae
1158 2672 1160 2681 ’

69 2773 184 2872 ingenti
218 2773 343 2846 studio
374 2769 540 2844 colebant
564 2769 694 2846 Graeci
717 2774 941 2872 summisque
973 2775 1139 2874 praemiis

70 2893 96 2952 et
104 2879 269 2953 laudibus
282 2877 516 2967 honorabant,
531 2879 726 2980 vituperat,
741 2881 839 2979 quod
852 2877 943 2952 nihil
957 2907 999 2955 ea
1017 2891 1082 2953 aut
1095 2879 1140 2952 ad

69 2985 232 3086 publicam
247 2987 371 3061 autad
387 2987 562 3088 privatam
576 2989 848 3088 prosperitatem
862 2989 1010 3088 prosint3
1022 2987 1142 3063 extol-

70 3094 226 3170 litcontra
246 3103 438 3196 poetarum
456 3093 719 3196 doctorumque
736 3109 829 3171 artes
845 3110 882 3171 et
899 3097 1034 3190 studia,
1048 3121 1143 3195 quae

69 3229 136 3276 cum
151 3206 355 3277 maximum
371 3202 530 3275 habeant
546 3201 713 3276 utilitatis
733 3204 912 3296 fructum,
931 3217 1011 3277 tum
1025 3201 1143 3276 multo

72 3309 126 3383 illis
147 3313 324 3413 dignitate
346 3310 598 3411 anteponenda
621 3312 703 3384 sint.
734 3311 888 3384 Carmen
914 3311 1007 3402 hoc,
1037 3313 1144 3406 cujus

71 3431 190 3513 partem
211 3419 424 3494 Athenaeus
456 3418 632 3506 servarit,
658 3417 806 3518 publice
832 3431 1017 3494 cantatum
1042 3443 1140 3508 esse,

72 3540 312 3622 argumentum
337 3525 469 3598 indicio
487 3537 556 3616 est3
589 3524 700 3625 idque
716 3525 976 3626 Xenophanem
997 3523 1144 3598 uberius

73 3633 163 3706 etiam
196 3647 364 3710 tractasse
386 3633 609 3734 cognoscitur
633 3659 679 3706 ex
703 3633 768 3724 iis,
809 3659 903 3732 quae
928 3633 1143 3708 Athenaeus

72 3733 206 3816 laudatis
224 3743 282 3816 his
300 3739 461 3815 versibus
483 3739 604 3814 addit:
622 3743 764 3813 πολλὰδὲ
785 3747 834 3810 καὶ
853 3741 937 3816 ἄλλοι
954 3750 969 3809 ὁ
986 3740 1145 3837 Ξενοφάνης

74 3854 137 3918 κατὰ
155 3860 205 3934 τὴν
236 3859 334 3921 imai
358 3859 457 3949 σοφίαν
484 3847 719 3945 ἐποφωνιζεται,
748 3849 919 3936 διαβάλλων
944 3858 982 3925 ὡς
1009 3846 1145 3944 ἅχρηςον

14 4027 15 4056 φ
74 3959 113 4021 καὶ
134 3959 298 4036 ἀλυσιτελὲς
314 3955 353 4028 Δτὸ
369 3975 419 4040 τῆς
440 3959 597 4037 ἀθλήσεως
622 3951 699 4036 εἶδος.
728 3959 842 4027 Multa
860 3967 1049 4050 praetcrea
1076 3956 1147 4024 Xe-

14 4205 16 4326 i

14 4059 16 4090 ³
78 4067 233 4154 optram
253 4065 428 4140 naamis
444 4090 547 4138 auom
563 4063 713 4137 laudum
731 4067 964 4160 sapientium,
990 4060 1147 4134 ludicrae
