2870 4824
61 367 1106 400 mmfflfflmfflmfflfflfflmmssfflmm

96 737 156 810 nn
189 733 560 810 marmure
592 738 756 832 vrrs,
794 741 1040 832 uranu,

447 897 677 974 srnnus.

517 1195 596 1281 §1-

82 1397 299 1472 erornsrrns
329 1399 553 1490 Colophonius
563 1447 579 1483 ,
610 1395 747 1494 patriae
773 1420 886 1494 quam
909 1399 1019 1495 patris
1043 1427 1105 1475 no·

50 1504 117 1576 nine
137 1502 313 1576 illustrior
340 1525 348 1574 ε
377 1514 517 1600 patrem
542 1504 622 1598 ejus
648 1501 710 1574 alii
736 1495 929 1600 Ὀρθομένως
956 1509 1105 1583 nomine

51 1609 235 1708 appellatum
261 1635 336 1683 esse
358 1609 529 1700 tradunt,
558 1621 602 1682 ut
625 1608 900 1708 Apollodorus,
916 1611 977 1686 alii
998 1619 1102 1702 Δεξιόν

51 1715 89 1788 rel
109 1721 216 1802 Δέξινον
240 1742 331 1790 eum
354 1717 544 1788 nominant
557 1730 578 1786 ¹.
605 1714 709 1809 Quae
735 1715 970 1813 discrepantia
995 1725 1103 1818 possit

51 1823 107 1896 inde
124 1837 196 1896 orta
222 1823 361 1913 videri,
381 1821 479 1920 quod
510 1820 603 1893 alius
629 1847 775 1919 quoque
795 1837 1018 1898 memoratur
1042 1835 1107 1903 Xo-

49 1937 186 2024 ooplonoe
220 1931 401 2016 Lesbius,
436 1933 541 2026 polita
579 1927 785 2013 iambicus,
826 1929 924 2025 apud
956 1930 1105 2032 Diogen.

47 2035 129 2109 laert.
148 2039 210 2109 lx.
238 2049 326 2110 sect.
351 2060 409 2108 ao.
435 2049 527 2108 extr.
555 2059 715 2134 quorum
739 2035 933 2135 utriusque
957 2042 1105 2116 nomina

47 2155 71 2214 et
86 2171 186 2242 genus
210 2144 362 2216 fortasse
388 2141 628 2215 confuderint.
658 2141 889 2240 Quamquam
920 2141 957 2217 id
985 2146 1109 2250 incer-7

46 2259 121 2340 tan,
147 2263 184 2324 et
210 2274 348 2349 parum
371 2249 460 2322 scire
482 2249 654 2338 interest,
682 2273 801 2347 quum
824 2249 869 2322 de
894 2263 998 2348 patre
1025 2258 1105 2351 ejus

45 2355 110 2427 nihil
124 2358 323 2430 memoriae
340 2355 385 2428 sit
407 2355 604 2454 proditum.
629 2353 746 2426 Patria
763 2367 887 2428 autem
914 2363 1107 2454 Colophon,

44 2461 144 2536 lonum
170 2467 211 2536 in
234 2467 323 2536 Asia
348 2465 493 2554 civitas,
517 2487 590 2534 non
620 2461 742 2534 minus
765 2463 949 2562 quondam
970 2467 1111 2541 divitia·

43 2591 103 2640 run
121 2571 214 2644 luxu
247 2583 288 2643 et
317 2570 476 2667 potentia
505 2568 577 2640 luit
599 2567 747 2666 insignis
775 2592 886 2664 quam
917 2575 1109 2666 poetarum

42 2674 162 2776 ingeniis
179 2679 332 2753 etfama
349 2673 496 2769 nobilis,
513 2699 672 2772 quorum
689 2674 898 2746 memoriam
912 2674 1106 2776 Nicander,

43 2781 259 2883 solophonius
288 2782 386 2855 idem
414 2793 451 2854 et
478 2785 583 2880 poeta
613 2779 757 2872 clarus,
787 2781 918 2879 scripto
942 2787 1111 2882 'quodam

43 2889 207 2966 celebrasse
227 2901 481 2964 memoratur:
501 2887 633 2961 horum
658 2889 912 2985 praecaeteris
932 2895 1111 2968 Mimner-

47 3023 122 3088 rrc,
149 2999 358 3100 elegiarum
378 3001 502 3096 poeta,
521 3007 559 3069 et
590 3000 816 3092 Xenophanes
841 2995 977 3096 ingenii
1002 2999 1111 3080 laude

46 3103 212 3183 eluxerunt
226 3118 251 3178 ².
955 3146 958 3152 ·

69 3363 101 3444 (ι)
117 3365 242 3446 Diogen.
270 3361 364 3423 baert.
386 3359 440 3422 IX.
465 3357 511 3421 18.
538 3359 683 3436 Εενοφᾶιης
711 3365 824 3439 deinoi,
852 3358 888 3437 ol,
914 3363 948 3422 οἷς
971 3364 1113 3428 'Aerem'-

31 3447 120 3532 .lop·c,
142 3449 358 3538 'opinionon
379 3447 556 3526 Κολοφώνιος.
582 3453 651 3512 Cum
673 3451 844 3532 Apollodoro
864 3455 972 3516 iaciunt
992 3457 1113 3536 pseudo·

41 3544 145 3624 Origenes
162 3561 192 3607 et
213 3542 438 3619 Theodoretus3
459 3543 598 3604 Lucienus
618 3545 647 3602 in
665 3544 814 3606 macrobiis
830 3555 900 3608 sect.
916 3565 965 3604 uo.
987 3545 1041 3623 (T.
1057 3547 1112 3608 Ill.

41 3655 124 3714 pura.
134 3635 324 3714 Hemsterh.)
338 3631 441 3709 Δεξίνου
454 3630 506 3695 olis
516 3656 578 3693 curn
590 3634 723 3714 appellat.
737 3637 866 3697 Civitatis
878 3657 981 3697 nomen
996 3635 1010 3694 ι’
1026 3652 1112 3700 toso-

43 3727 111 3799 to'no
128 3731 220 3811 ipsius
249 3726 359 3784 nomini
381 3725 542 3805 plerumque
562 3723 680 3805 adjungi
698 3725 789 3800 solet,
815 3727 849 3787 ab
872 3728 1039 3802 Aristotele,
1063 3731 1112 3790 Ci-

42 3837 131 3894 urone,
148 3815 324 3886 Plutarcho,
343 3814 483 3874 Clemente
497 3817 576 3875 Alex.
591 3815 706 3886 ceteris,
722 3835 789 3892 quos
804 3818 861 3876 suis
872 3816 940 3876 locis
955 3818 1111 3880 citabimus.

69 3907 103 3988 (a)
120 3905 268 3968 Nicandri
296 3903 370 3964 liber
399 3901 458 3984 oripi
484 3914 535 3965 τὸι
561 3908 594 3966 iz
618 3915 775 3981 Κολοφὸνοε
801 3917 917 3974 ποιητῶν
942 3907 1044 3968 citatur
1074 3907 1113 3968 ab

43 3993 107 4074 ipsiu
124 3996 282 4058 scholiaste
303 3991 342 4052 ad
364 3991 495 4055 Thariac.
514 4013 544 4057 v.
567 3999 596 4058 3.
617 3994 654 4056 oi.
676 3995 876 4079 Schelleoberg·
895 3995 932 4058 de
953 3996 1113 4060 Antimachi

44 4085 187 4170 Colophonii
207 4083 275 4146 rell.
300 4103 331 4164 p·
350 4101 379 4162 7.
600 4083 604 4091 ’

117 4186 146 4258 1.
487 4150 622 4182 Ἰ
946 4210 959 4255 1
