2840 4820
292 321 337 390 82
734 345 926 389 xenornarus

291 530 364 603 que
391 504 611 578 carminibus
632 505 788 595 faceret,
813 504 1068 602 Xenophanem
1100 503 1217 577 adhuc
1239 531 1359 604 super-

289 619 409 708 fuisse,
430 631 494 691 aut
518 618 682 689 notitiam
705 619 800 690 inter
813 645 871 692 eos
884 620 1001 692 luisse.
1016 618 1136 716 Auget
1148 619 1239 692 hanc
1261 620 1358 692 dubi·

288 725 475 815 tationem,
488 723 585 821 quod
603 723 763 819 ejusdem
777 724 861 797 dicti
878 737 1059 797 auctorem
1081 731 1358 798 Chamaeleontem

287 834 449 905 nominat
473 831 681 906 Athenaeus
702 833 807 925 XIV,
840 859 875 932 p.
894 832 984 925 656,
1018 835 1049 904 D
1078 860 1085 905 :
1111 835 1242 914 ἕντωςδὲ
1270 834 1303 916 ἦν
1326 849 1358 917 ὡς

286 943 405 1022 ἀληθῶς
420 943 523 1034 κίμβιξ
536 951 550 1010 ὁ
561 941 721 1034 Σιμωνίδης
736 947 785 1010 καὶ
796 945 1017 1039 αἰσχροκερδὴς,
1031 955 1068 1021 ὡς
1083 947 1259 1035 Χαμαιλέων
1271 945 1357 1041 φησίν.

285 1047 528 1140 Quamobrem
557 1047 762 1121 scholiastae
786 1052 1000 1140 auctoritas,
1030 1051 1095 1122 etsi
1123 1050 1168 1122 ab
1189 1051 1358 1122 Hemster·

284 1152 393 1226 husio
412 1153 454 1224 ad
469 1153 648 1251 Aristoph.
664 1151 760 1226 Plut.
777 1181 809 1253 p.
831 1153 921 1253 193,
943 1167 979 1228 et
992 1154 1150 1228 Harlesio
1166 1155 1208 1227 ad
1228 1155 1355 1234 Fabric.

283 1259 376 1333 Bibl.
406 1258 533 1333 Graec.
565 1261 603 1330 Τ.
633 1261 692 1352 Π,
723 1287 758 1358 p.
796 1261 863 1352 148
894 1262 1062 1361 probata,
1109 1265 1208 1361 parvi
1246 1275 1356 1338 tamen

283 1365 412 1437 bacin
440 1391 480 1438 re
508 1366 723 1438 aestimanda
758 1368 910 1440 videtur.

773 1657 877 1719 XXIX

328 1901 455 1976 Pollux
481 1903 556 1996 Vl,
586 1901 650 1995 46,
679 1929 714 2000 p.
740 1900 822 2000 590.
849 1908 1013 1996 Συκάμινα·
1039 1917 1131 1974 ταῦτα
1154 1907 1187 1976 δὲ
1215 1913 1265 1975 καὶ
1284 1913 1353 1998 μόρα

276 2009 417 2102 Αἴσχνλος
439 2019 609 2104 ὠνόμασεν,
636 2012 721 2087 οὕτως
743 2015 829 2079 εἰπὼν
854 2018 890 2079 τὰ
917 2016 949 2078 ἐκ
972 2029 1022 2092 τῆς
1045 2013 1148 2098 βάτα·
1170 2023 1253 2104 τάχα
1274 2006 1298 2082 d
1320 2011 1362 2088 ιῖν,

276 2143 318 2194 τις
346 2124 396 2185 καὶ
427 2127 550 2213 κεράσια
584 2117 682 2214 φαίη,
717 2125 900 2211 κέρασον
933 2121 965 2184 τὸ
997 2118 1110 2213 δένδρον
1135 2125 1166 2188 ἰν
1196 2119 1241 2213 τῷ
1265 2122 1353 2213 περὶ

275 2227 441 2320 φύσεως
476 2223 749 2318 Ξενοφάνους
783 2226 884 2316 εὑρών.

322 2325 507 2399 Pollucem
535 2326 622 2399 haec
647 2323 693 2396 ab
725 2323 794 2396 alio
835 2326 1005 2422 scriptore
1034 2338 1245 2400 mutuatum
1286 2353 1351 2402 esse

271 2457 345 2504 non
370 2445 423 2508 est
443 2433 608 2507 dubium.
634 2433 796 2504 Primum
823 2434 920 2530 quod
941 2435 1028 2506 dicit
1058 2448 1204 2530 οιαάμινα
1226 2437 1270 2509 ab
1289 2437 1351 2510 Ae·

270 2540 414 2639 schylo‚
437 2540 528 2613 adde
555 2567 574 2612 a
600 2539 724 2612 multis
743 2538 842 2629 aliis,
870 2550 948 2636 μόρα
971 2538 1121 2636 (eadem
1143 2567 1239 2641 quae
1262 2571 1350 2615 mora

269 2644 427 2744 Latinis)
442 2647 623 2718 nominata
648 2669 747 2736 esse,
769 2645 866 2716 idem
888 2657 989 2717 notat
1016 2658 1053 2718 et
1078 2649 1252 2747 exemplis
1278 2673 1350 2746 pro·

269 2747 332 2820 hat
367 2751 577 2824 Athenaeus
600 2751 658 2842 Π,
685 2777 721 2848 p.
743 2748 786 2822 51
805 2750 853 2841 D,
873 2751 918 2824 ad
946 2777 1057 2850 quem
1081 2751 1203 2826 locum
1229 2757 1273 2828 cf.
1292 2757 1349 2828 Ca-

268 2858 422 2960 sauboni
450 2859 640 2932 Animadv.
666 2883 701 2955 p.
737 2858 827 2952 1043
853 2857 1046 2932 Ruhnken.
1076 2861 1119 2934 ad
1143 2863 1291 2962 Hesych.
1317 2891 1346 2934 v.

266 2979 421 3060 συκάμινα.
448 2966 554 3060 Quod
579 2993 663 3042 vero
689 2964 819 3038 Pollux
842 2967 973 3041 deinde
1004 2968 1200 3043 arbitratur
1230 2973 1346 3044 eadem

266 3097 413 3171 quoque
444 3085 566 3170 κεράσια
597 3071 793 3171 appellari,
824 3073 910 3172 quia
937 3076 1057 3172 κέρασις
1086 3075 1191 3148 arbor
1216 3079 1255 3150 in
1280 3079 1348 3151 Xe-

264 3181 441 3278 nophanis
469 3181 608 3277 scriptis
638 3191 832 3253 memorata
858 3167 917 3272 sit,
947 3181 1045 3254 haud
1074 3180 1260 3278 probabile
1283 3197 1345 3282 est3

263 3312 338 3359 non
363 3311 436 3385 quo
459 3312 587 3385 negem
616 3287 745 3359 factam
768 3311 842 3359 esse
871 3311 890 3357 a
916 3285 1140 3384 Xenophane
1160 3307 1209 3372 τῆς
1232 3303 1346 3388 κεράσω

262 3395 513 3485 mentionem3
541 3393 602 3466 sed
633 3392 661 3464 si
692 3390 756 3464 ille
792 3392 883 3463 hanc
916 3392 1080 3465 arborem
1120 3397 1341 3488 nominavit,

262 3501 391 3600 quidni
421 3500 571 3573 eandem
599 3499 847 3598 significaverit
875 3523 985 3597 quam
1012 3501 1219 3600 posteriores
1248 3529 1343 3576 aera-

260 3633 338 3679 rum
369 3603 636 3705 appellarunt?
664 3602 819 3676 Pollucis
853 3607 1014 3703 opinioni
1052 3630 1173 3679 ansam
1207 3609 1341 3682 dederit

259 3715 489 3812 quorundam
513 3714 702 3785 bominum
727 3737 849 3805 error,
875 3715 940 3812 qui
960 3739 1125 3788 cerasum
1151 3743 1171 3787 a
1195 3715 1341 3791 Lucullo

257 3821 408 3894 demum
434 3849 505 3894 non
534 3821 651 3895 solum
682 3845 725 3893 ex
748 3822 829 3893 Asia
851 3821 890 3892 in
915 3821 1055 3893 Italiam
1092 3823 1246 3896 delatam
1283 3823 1339 3896 sed

257 3929 365 4001 etiam
390 3930 550 4024 primum
572 3929 791 4000 nominatam
807 3929 1045 4026 perhibebant
1064 3957 1072 4003 :
1091 3929 1174 4004 hino
1202 3932 1338 4004 fortasse

256 4035 455 4135 putaverit,
478 4063 497 4108 a
528 4035 748 4133 Xenophane
773 4036 840 4108 hoc
874 4038 1020 4109 nomine
1051 4036 1156 4112 aliam
1179 4037 1334 4112 arborem
