3018 4838
307 379 370 446 118
460 425 466 440 ·
715 407 752 446 ne
777 405 969 446 resonaturus

302 558 440 630 litatem
453 557 713 656 Xenophanem
735 557 947 629 meditatum
959 581 1032 628 esse
1049 555 1256 628 testificatur
1273 555 1382 628 etiam
1443 533 1448 544 ⁶

305 665 403 737 limo
429 665 624 754 Phliasius,
652 666 716 762 qui
745 667 783 735 in
811 662 896 736 sillia
922 687 1007 735 eum
1043 664 1091 734 ita
1120 662 1204 734 lacit
1228 659 1384 759 loqueu-

307 785 379 846 tem
406 773 454 844 ²⁴:

645 889 721 968 ὅππη
747 895 805 982 γὰρ
832 893 896 978 έμὲν
921 895 979 954 νόον
1005 889 1147 982 εἰρύσαιμι
1163 939 1173 976 ,
1249 975 1252 980 Ι

354 1011 393 1080 εἰς
417 1005 448 1070 ’ἑν
472 1005 558 1070 ταύτό
583 1027 613 1068 τε
639 1018 696 1071 πᾶν
724 1003 877 1088 ἀνελύετο,
906 1017 982 1070 πᾶν
1012 1001 1050 1069 δὲ
1084 998 1099 1069 ὃ
1110 1029 1124 1068 ν
1158 1003 1239 1068 αἰεὶ

354 1125 473 1207 πάντῃ
505 1117 691 1205 ἀνελκόμενον
721 1123 819 1204 μίαν
852 1121 909 1192 εἰς
941 1106 1191 1209 pantalee&
1228 1119 1382 1203 ὁμοίαν.

312 1287 531 1372 Quocumque
557 1287 700 1347 mentem
716 1289 929 1364 conuentum,
957 1283 997 1345 iu
1022 1299 1129 1344 unum
1154 1275 1309 1370 idemque
1324 1281 1390 1345 uui

308 1409 409 1453 versa
434 1390 673 1473 resoluuntur,
695 1395 803 1478 utque
819 1388 1020 1452 uniuersum
1036 1381 1126 1476 quod
1148 1388 1286 1452 omuino
1302 1407 1389 1452 aem-

303 1517 440 1586 perque
468 1503 533 1576 aet,
572 1497 611 1561 in
644 1515 749 1560 unum
791 1498 915 1584 auique
946 1495 1091 1559 similem
1122 1501 1287 1559 naturum
1324 1515 1390 1560 re-

310 1599 450 1668 ductum
478 1603 743 1690 conrumpitur.
767 1595 928 1692 Uterque
959 1607 1079 1665 autern
1106 1594 1165 1666 bic
1194 1595 1391 1692 generatim

311 1702 354 1774 ad
379 1727 522 1774 omnem
549 1727 670 1773 rerum
702 1711 868 1771 naturam
893 1713 930 1772 et
954 1701 1072 1770 omnia
1087 1699 1184 1787 baec,
1214 1725 1307 1798 quae
1331 1725 1391 1771 su-

309 1833 372 1908 pra
407 1823 443 1881 et
477 1807 623 1898 subter,
655 1808 722 1880 hoc
753 1807 926 1907 placitum
961 1808 1152 1898 referunt3
1181 1831 1254 1906 quo
1284 1831 1392 1879 sensu

309 1913 433 2016 plures
456 1915 562 1987 etiam
588 1926 751 1988 veterum
777 1925 1024 2012 usurparunt,
1049 1915 1086 1984 in
1112 1913 1236 2010 primis
1256 1911 1392 2012 llippo

310 2035 447 2112 crates,
479 2026 584 2116 cnjus
614 2019 762 2094 celebris
793 2019 854 2092 illa
891 2045 958 2094 vox
986 2019 1040 2092 ²⁵:
1073 2016 1189 2118 ξὺρῤιια
1220 2031 1278 2119 γὰρ
1310 2035 1391 2116 μία,

307 2135 446 2222 σύμπνοια
470 2137 542 2221 μία,
572 2140 667 2198 πάντα
683 2135 855 2220 συμπαθέα.
877 2125 1025 2200 Eleatici
1047 2141 1169 2199 autem
1195 2153 1268 2200 non
1300 2131 1390 2200 uni-

313 2261 454 2308 versum
481 2231 659 2305 mundum
681 2235 891 2330 cogitatione
916 2231 1118 2330 complexi,
1140 2231 1200 2306 sed
1222 2231 1392 2334 intelligi·

314 2339 423 2414 bilem
445 2353 611 2410 naturam
636 2367 655 2410 a
677 2339 783 2410 rebus
807 2338 1058 2436 spectabilibus
1082 2337 1291 2414 abstractam
1310 2365 1396 2412 con-

314 2445 478 2543 templati
498 2455 584 2516 sunt
608 2457 644 2516 et
666 2444 912 2540 explorarunt.
940 2443 1167 2518 Parmenides
1191 2445 1338 2544 quidem
1366 2455 1398 2518 τὸ

311 2553 342 2632 ὂν
368 2577 432 2650 per
467 2576 503 2623 se
532 2552 671 2648 posuit,
708 2551 755 2624 de
783 2577 856 2650 quo
893 2553 941 2624 sic
962 2551 1143 2649 praedicat
1166 2575 1212 2626 vs.
1240 2551 1287 2650 74
1316 2545 1395 2652 s'qq.

412 2686 487 2754 Οὐδὲ
514 2685 655 2779 διαιρετόν
679 2692 763 2772 ἐςιν,
793 2689 852 2754 ἕποι’
881 2701 939 2754 πᾶν
964 2692 1027 2767 έςιν
1045 2695 1159 2777 ὁμοῖον,

409 2791 471 2858 οὐδέ
495 2819 522 2858 τι
552 2791 588 2883 τῇ
612 2794 746 2882 μᾶλλον,
771 2802 803 2861 τό
824 2819 873 2860 κεν
892 2800 976 2888 εἴργοι
1003 2822 1052 2884 μιν
1078 2799 1259 2883 συνέχεσθαι

410 2897 471 2964 ον’δὲ
496 2921 523 2964 τι
547 2905 718 2992 χειρότερον.
747 2939 797 2951 --

295 3151 304 3160 -
352 3115 415 3193 (24)
438 3113 518 3194 apud
538 3114 653 3174 Sextum
675 3115 754 3195 Emp.
776 3117 883 3197 Hypot.
901 3115 1000 3196 Pyrrh.
1020 3116 1053 3186 l,
1075 3115 1123 3175 33.
1143 3125 1209 3174 sect.
1232 3112 1301 3191 224.
1322 3114 1397 3174 Ver·

315 3228 361 3266 sus
383 3206 411 3266 bi
432 3207 509 3286 prins
535 3205 604 3264 mibi
631 3207 798 3264 videbantur
825 3207 916 3266 mutili
945 3219 973 3266 et
1004 3205 1108 3264 turbati
1140 3217 1255 3288 propter
1286 3204 1398 3264 hiantia

315 3295 362 3356 illa
382 3296 468 3355 verba
488 3321 494 3354 :
518 3307 571 3356 arati
592 3293 628 3357 ll
649 3292 673 3356 lv
696 3294 748 3356 alal
771 3293 858 3373 πᾶιτιι
881 3297 1071 3372 insanimus,
1098 3295 1189 3374 itaque
1216 3295 1398 3378 participium

317 3386 392 3448 istud
414 3381 590 3463 ιιίιλιιέμιιιι
614 3389 710 3446 melius
730 3387 825 3446 abesse
843 3387 974 3468 putabam
998 3397 1026 3445 et
1050 3385 1089 3444 sic
1110 3383 1286 3465 legendum:

440 3513 492 3564 mir
515 3501 537 3563 a*
545 3505 551 3522 ⁸
572 3499 596 3563 ir
618 3501 660 3564 aiei
674 3501 761 3585 resep
779 3500 843 3578 ptiar
864 3507 899 3561 tie
919 3499 996 3576 φιῖσον
1021 3501 1098 3562 i'u9'
1119 3495 1221 3578 ipsein·

314 3617 353 3676 ita
384 3615 552 3698 praecedens
580 3637 674 3675 versus
705 3637 817 3674 mancus
850 3615 1057 3694 relinqueretur.
1085 3613 1119 3673 ld
1145 3609 1241 3673 'autem
1267 3616 1398 3692 quamvis

315 3705 383 3764 mibi
403 3705 542 3786 placeret,
564 3719 670 3764 mutare
695 3717 788 3764 tamen
818 3704 886 3763 nibil
910 3705 1007 3774 volui,
1032 3705 1194 3785 praesertim
1215 3701 1290 3782 qnod
1310 3699 1397 3763 'l’imo

317 3799 346 3855 in
373 3797 498 3856 versibus
518 3799 574 3856 suis
594 3797 756 3876 elegantiam
775 3808 802 3853 et
831 3795 1047 3854 concinnitatem
1070 3813 1167 3876 parum
1188 3811 1284 3854 curare
1313 3793 1398 3854 solet.

318 3889 463 3948 Caeterum
486 3909 555 3968 qnae
576 3890 717 3948 Fabricius
738 3887 774 3947 ad
794 3887 822 3945 b.
844 3887 863 3946 l.
879 3909 907 3969 p.
925 3885 981 3962 58,
997 3899 1055 3947 not.
1074 3887 1107 3947 D.
1127 3897 1257 3961 annotat,
1272 3906 1302 3946 ea
1317 3883 1399 3944 aliud

318 3991 394 4038 certo
415 4001 499 4058 agens
519 3980 661 4061 scripsisse
683 3977 804 4038 videtur.

358 4091 422 4173 (οὗ)
444 4093 526 4174 Apud
545 4092 668 4175 Simplic.
695 4092 777 4174 Phys.
800 4093 862 4168 111,
882 4094 901 4152 l.
928 4091 1002 4170 106,
1027 4097 1058 4154 Α.
