2840 4820
312 329 377 394 134
733 348 772 390 ns
796 345 965 390 xenonanrs

308 497 463 572 solerent
486 496 522 590 ⁶43
541 509 576 570 et
601 521 800 595 quaerens,
832 519 898 570 cur
920 492 1026 565 multi
1052 491 1211 584 illorum,
1236 493 1274 564 in
1299 494 1375 591 qui-

307 604 376 678 bus
401 606 509 677 etiam
534 603 763 676 Parmenides
800 614 837 672 et
860 600 1115 697 XenophaneS,
1146 601 1193 672 de
1230 603 1376 673 veritatis

308 713 487 811 agnitione
520 705 765 798 dubitassent,
806 709 898 780 hanc
935 709 1108 779 rationem
1150 707 1253 779 affert
1293 737 1302 779 :
1337 719 1377 778 at·

307 846 366 888 rer
387 821 418 889 δὲ
450 837 499 902 τῆς
523 820 608 902 δόξης
632 823 757 907 τούτοις,
781 817 828 888 ὅτι
853 823 918 912 περὶ
949 833 1003 884 τῶν
1028 815 1117 886 ὄντων
1148 820 1203 908 μὲν
1232 826 1281 898 τὴν
1310 821 1379 896 dlii-

309 931 398 995 θειαν
422 935 576 1014 tntum,
604 934 641 997 rol
666 927 697 994 di
725 925 795 995 iura
829 926 972 1010 dnelassss
1005 920 1076 993 εἶναι
1107 931 1156 994 τὰ
1194 929 1380 1005 αἰσθητὰ

308 1040 410 1124 μόνον·
441 1040 470 1104 ἐν
498 1033 530 1102 δὲ
557 1037 657 1110 τούτοις
678 1034 769 1114 πολλὴ
801 1042 819 1112 ἡ
849 1043 895 1099 τοῦ
927 1038 1036 1124 dapifer
1058 1037 1138 1126 φύσις
1169 1037 1318 1124 ἐωπαὶρχει
1346 1027 1376 1099 ⁶⁵.

309 1137 378 1210 Ille
415 1138 525 1238 igitur
561 1137 801 1210 Eleaticorum
832 1147 869 1208 ct
903 1135 1135 1234 Xenophanis
1171 1137 1380 1233 principium

310 1271 515 1341 corpoream
539 1246 799 1342 interpretatur
828 1255 1019 1334 naturam,
1054 1243 1149 1315 hanc
1176 1255 1298 1342 autem
1328 1267 1381 1312 na-

313 1361 435 1422 turam
470 1349 615 1449 qualem
659 1349 835 1448 intelligat
863 1348 1116 1446 explicandum
1147 1362 1210 1422 est.
1236 1350 1310 1422 Non
1334 1350 1381 1418 in-

310 1453 452 1528 tellexit
480 1481 564 1530 sane
588 1481 744 1528 crassum
774 1455 867 1527 illud
896 1469 933 1527 et
961 1469 1175 1529 concretum
1205 1479 1380 1552 corporum

311 1589 426 1662 genus
452 1589 545 1661 quae
584 1563 745 1636 sensibus
774 1575 1023 1662 usurpantur,
1062 1563 1125 1636 sed
1155 1562 1255 1635 aliud
1281 1561 1380 1660 quod-

312 1667 395 1740 dam
419 1670 565 1766 puriore
588 1683 626 1742 et
649 1671 905 1768 praestantiore
926 1681 1055 1741 natura
1082 1696 1090 1740 :
1116 1669 1258 1742 censuit
1279 1670 1378 1755 enim,

313 1769 388 1865 (ut
413 1775 525 1871 ipsius
554 1775 672 1849 verbis
705 1775 844 1868 utar),
877 1776 919 1845 ’ότι
949 1785 1053 1872 πέφυκέ
1081 1803 1125 1853 τις
1159 1781 1239 1846 ούσὼι
1266 1785 1380 1867 σώματος

312 1879 394 1962 ἄλλη
423 1890 505 1978 παρὰ
529 1891 581 1961 τὰς
608 1889 739 1953 ἐνταῦθα
756 1893 914 1974 westsere,
941 1889 1081 1980 θειότερα
1099 1889 1151 1952 καὶ
1180 1893 1303 1982 πρότερα
1330 1887 1380 1950 roi·

315 2014 372 2056 των
400 1999 525 2058 πάντων.
553 1989 628 2060 Ηοο
651 2015 765 2086 genus
789 1991 914 2061 statuit
937 1991 1052 2061 omnis
1072 2015 1263 2088 corporeae
1290 1999 1380 2058 natu-

315 2116 376 2164 rae
407 2093 628 2189 principium
662 2107 771 2191 atque
801 2093 1040 2192 exemplum,
1071 2095 1184 2193 idque
1220 2093 1381 2193 praedicat

316 2197 400 2266 auor
427 2201 477 2266 nat
500 2197 564 2268 atr:
590 2197 713 2282 αὔξησιν
742 2200 813 2291 ἔχον
836 2199 903 2272 d'zs
928 2209 1052 2299 φθίσιν,
1078 2197 1149 2274 ἀλλ’
1180 2213 1317 2299 ἀγήρατον
1339 2199 1381 2266 καὶ

317 2306 502 2374 ἀναλλοίωτον
527 2310 578 2373 καὶ
600 2311 740 2396 ἀπαθές
758 2305 875 2378 eidem
889 2310 1231 2404 praestantissimum
1251 2327 1380 2405 quoque

316 2420 457 2482 motum
482 2421 520 2482 et
544 2411 695 2508 figuram
721 2411 874 2504 tribuit,
900 2437 1016 2509 quum
1042 2428 1079 2486 et
1105 2417 1146 2485 in
1173 2415 1293 2487 orbem
1319 2433 1380 2480 mo-

316 2515 392 2588 veri
418 2527 454 2586 et
476 2515 646 2612 sphaerae
670 2517 782 2589 instar
800 2515 1052 2616 cpnglobatum
1075 2543 1151 2593 esse
1168 2521 1271 2609 dicit3
1294 2513 1379 2588 deni·

318 2647 391 2719 que
406 2622 472 2696 hoc
484 2650 614 2721 corpus
636 2649 710 2697 esse
734 2629 848 2697 omnis
866 2639 1018 2700 naturae
1039 2627 1378 2724 praestantissimum,

320 2753 437 2824 eoque
462 2727 636 2801 ultimum
660 2730 751 2803 coeli
767 2731 891 2803 orbem
915 2734 1092 2805 contineri
1117 2733 1153 2802 ⁶⁶.

369 2831 489 2905 Talem
515 2835 626 2932 igitur
655 2837 897 2910 universitatis
928 2851 1096 2911 naturam
1122 2863 1240 2936 quum
1275 2843 1380 2906 mente

320 2939 563 3030 informasset,
589 2941 635 3014 ad
659 2945 813 3018 eandem'
835 2947 984 3018 formam
1011 2947 1081 3044 (ut
1104 2945 1316 3043 plerumque
1340 2939 1380 3008 sa-

319 3046 396 3144 cit)
421 3049 529 3120 etiam
557 3050 802 3148 antiquiorum
831 3052 959 3151 placita
989 3053 1034 3126 de
1061 3053 1199 3125 mundo
1225 3065 1261 3124 et
1290 3047 1381 3120 rebus

321 3153 449 3227 divinis
481 3155 688 3231 Aristoteles
711 3159 846 3232 retulit.
877 3163 933 3234 Sic
963 3161 1002 3232 in
1027 3160 1298 3259 metaphysicis,
1327 3151 1381 3225 ubi

322 3262 474 3334 ostendit
502 3290 623 3338 unum
652 3291 725 3341 esse
760 3267 941 3340 mundum
974 3267 1142 3366 pluribus
1172 3265 1280 3366 globis
1313 3283 1381 3333 con·

261 3428 262 3439 ,
322 3393 476 3460 nexum,
491 3369 530 3441 in
554 3371 706 3445 eandem
732 3375 947 3448 sententiam
972 3376 1171 3472 priscorum
1191 3369 1321 3445 fabulas
1337 3367 1381 3436 in-

361 3673 427 3753 (64)
447 3676 561 3738 Aristot¹
584 3678 710 3760 Metapb.
733 3681 765 3756 1,
790 3683 819 3741 3.
841 3701 869 3762 p.
894 3680 956 3760 645
974 3701 1014 3760 sq.

363 3813 428 3894 (65)
448 3814 492 3876 ld.
516 3816 643 3899 Metapb.
665 3819 726 3894 ΙΙΙ,
746 3819 775 3880 5.
796 3842 825 3902 p.
844 3819 903 3903 672
922 3823 957 3880 Α.

362 3951 426 4026 (66)
447 3953 564 4014 Aristot.
576 3951 610 4013 dc
627 3954 723 4030 Coelo,
741 3957 842 4036 passim
855 3982 862 4016 :
874 3957 933 4018 loca
945 3958 1029 4019 citata
1047 3959 1223 4038 reperiuntur
1234 3953 1264 4012 L.
1284 3949 1296 4008 l
1303 3993 1311 4022 ,
1325 3965 1347 4003 c·
1359 3961 1382 4012 2,

324 4059 352 4120 p.
369 4039 428 4102 338
444 4043 475 4101 F.
491 4064 515 4103 c.
536 4046 575 4114 3,
597 4065 626 4124 p.
642 4045 703 4126 339
723 4045 763 4104 H.
784 4067 862 4127 c.9‚
878 4045 998 4128 p.›348,
1019 4049 1062 4122 A,
1084 4045 1118 4104 G.
1176 4057 1180 4068 '
