2924 4820
326 331 389 396 190
728 355 765 395 nn
789 351 980 398 amoenante

323 503 564 602 Xenophanes
592 503 637 573 ab
670 503 805 590 incerta
838 529 961 578 rerum
991 518 1121 579 natura
1148 533 1400 608 sensuumque

320 609 578 684 consuetudine
594 621 754 682 mentem
779 625 964 703 avocaret,
985 625 1022 685 et
1046 613 1234 690 extolleret
1249 617 1293 689 ad
1312 643 1403 690 con-

319 719 521 818 cipiendam
551 715 650 788 illam
682 717 875 790 divinitatis
904 720 1112 812 notionem,
1143 748 1254 820 quam
1283 751 1401 798 unam

323 851 397 902 esse
422 850 544 898 revera
574 835 610 896 et
634 837 814 898 aeternam
838 826 938 897 dixit.
970 828 1038 900 Sed
1066 831 1275 925 quaeritur,
1304 857 1401 904 num

318 937 357 1006 in
385 935 497 1030 ipsam
529 955 675 1029 quoque
702 945 748 1003 τοῦ
773 933 850 1011 ὄντος
876 946 1044 1006 naturam
1067 935 1204 1007 dictum
1229 938 1275 1008 sit
1301 937 1399 1010 illud

317 1047 395 1121 δάκος
418 1032 448 1111 δ’
472 1047 516 1111 ἐπὶ
535 1057 606 1111 πᾶσι
629 1049 771 1112 τέτυκται.
801 1033 900 1114 Timo
916 1043 1063 1140 quidem
1082 1044 1265 1140 Scepticus
1278 1044 1399 1118 Xeno-

318 1151 474 1248 phanem
497 1148 637 1220 inducit
659 1162 891 1247 querentem,
917 1151 1014 1246 quod
1045 1177 1092 1224 ne
1128 1153 1205 1224 seni
1246 1153 1398 1252 quidem

316 1255 516 1355 contigisset
540 1279 668 1328 verum
696 1257 896 1353 perspicere
924 1267 976 1324 ¹⁰:

413 1409 464 1488 Ὡς
491 1415 541 1478 καῖ
563 1415 636 1504 ἐγὼν
657 1408 757 1508 ὄφελον
782 1423 895 1482 πυκινοῦ
920 1421 979 1482 νόω
1000 1415 1185 1499 ἀντιβολῆσαι

412 1520 688 1614 οζαφοτερόβλεπτος
713 1520 792 1610 δολίῃ
812 1513 840 1588 δ’
864 1520 922 1613 odsi
946 1523 1153 1604 ἐξαπατήθην·

412 1625 611 1720 πρεσβυγενὴς
634 1618 674 1692 ἔτ’
706 1629 759 1694 ἐὼν
781 1631 831 1694 καὶ
857 1631 1054 1723 ἀπενὲήριςος
1079 1639 1190 1710 ἁπάσης

410 1759 611 1812 σνεπτοσννης.

313 1925 414 2019 Quae
437 1923 621 1996 obscurius
650 1923 743 1996 dicta
773 1927 821 1996 sic
850 1927 941 1998 verti
969 1927 1102 2022 possint
1130 1953 1138 1997 ε
1170 1931 1312 1998 Utinam
1336 1955 1392 1999 vo-

313 2058 375 2102 rce
397 2039 521 2103 mentia
544 2043 722 2124 compotem
748 2057 821 2102 ease
844 2037 934 2102 mitt
954 2039 1173 2126 oontiqiacet,
1201 2037 1264 2128 qni
1285 2059 1393 2104 senon

311 2144 415 2209 etiam
432 2143 472 2206 in
491 2137 739 2206 considerando
753 2143 937 2207 iatrocinor
953 2135 1119 2231 (ancipiti
1133 2144 1225 2209 enim
1243 2145 1300 2210 oio
1314 2166 1395 2210 eum

312 2241 495 2337 deceptus)
522 2253 556 2312 ot
582 2247 622 2310 in
651 2247 746 2312 omni
772 2242 1015 2336 disceptatione
1045 2271 1124 2314 som
1149 2247 1345 2339 omhipuua.
1368 2271 1390 2314 n

312 2351 368 2423 Sic
386 2349 494 2424 etiam
519 2345 580 2420 alii
598 2347 857 2446 Xenophanem
872 2351 1017 2423 sensisse
1030 2351 1183 2443 dicunt,
1204 2352 1295 2424 nihil
1316 2379 1402 2424 om-·

352 2611 422 2692 (ro)
444 2611 526 2672 Timo
546 2607 621 2692 apud
635 2609 713 2670 Sext.
728 2608 835 2689 Empir.
853 2607 992 2690 Pyrrhon.
1006 2611 1033 2684 Ι,
1054 2623 1121 2669 sect.
1140 2609 1215 2688 224,
1231 2633 1259 2692 p.
1271 2609 1321 2672 58.
1347 2613 1397 2690 qui

312 2701 390 2760 utin
410 2700 560 2759 verborum
575 2719 626 2758 usu
647 2719 728 2779 saepe
751 2697 873 2756 insolens
896 2710 957 2772 est,
978 2699 1062 2757 etiam
1082 2697 1127 2759 hic
1143 2700 1278 2760 nonnulla
1295 2721 1395 2781 parum

311 2792 456 2874 perspicue
476 2789 559 2849 dixit.
580 2790 852 2870 Ἀμφοτιρέβλιπτος
869 2787 987 2849 Brandis
1004 2791 1122 2872 interpr.
1146 2803 1303 2872 utramque
1323 2815 1395 2871 par·

312 2896 369 2942 tem
385 2893 472 2940 caute
491 2884 745 2960 circumspiciens5
766 2894 794 2940 at
807 2881 873 2940 'hoc
896 2899 995 2960 parum
1022 2881 1153 2940 convenit
1177 2902 1240 2940 cum
1267 2903 1300 2942 eo
1315 2881 1394 2961 quod

311 2972 491 3054 subjungitur
516 2995 523 3031 r
549 2969 631 3046 ionia
659 2971 750 3052 did?
786 2975 865 3047 ἱξιπ.
892 2973 1052 3052 Composita
1080 2993 1142 3032 cum
1178 2971 1252 3050 ἑμφὶ
1283 2985 1311 3032 et
1341 2978 1394 3050 ἐμ·

311 3063 419 3142 piarpor
447 3081 528 3142 saepe
548 3063 743 3123 dubitationis
773 3075 801 3122 et
837 3061 1044 3142 ambiguitatis
1067 3061 1172 3121 hahent
1199 3066 1276 3136 vinu
1300 3065 1394 3144 itaque

309 3152 573 3234 ripparrpo'sstmss
600 3154 686 3234 intpr.
712 3157 745 3212 in
767 3151 981 3236 considerando
1005 3155 1154 3227 incertus,
1178 3152 1392 3231 halucinans,

310 3247 394 3307 simili
404 3267 487 3305 sensu
504 3266 558 3324 quo
568 3245 833 3326 ipporrps'ynmss
847 3243 937 3300 dictus
945 3253 986 3305 est
998 3241 1073 3301 Zeno
1084 3242 1232 3302 Eleaticus.
1244 3246 1338 3326 Major
1351 3259 1394 3306 est

310 3334 460 3397 difficultas
479 3335 657 3415 incorrupta
678 3355 747 3395 voce
767 3330 961 3412 istriipros.
983 3329 1167 3391 Schneiderus
1178 3379 1186 3407 ‚
1209 3336 1257 3412 qui
1275 3337 1392 3414 corrigit

309 3425 494 3508 ἐνιμφῆμςος
502 3471 511 3500 ,
522 3446 579 3485 non
592 3425 672 3505 longe
683 3445 699 3484 a
709 3445 775 3485 vero
785 3425 879 3486 abesse
897 3421 1025 3496 videtur,
1040 3423 1095 3480 nisi
1111 3423 1187 3500 quod
1204 3445 1309 3504 negans
1325 3447 1392 3506 par-

309 3517 396 3578 ticula
410 3519 443 3578 ἐν
462 3548 503 3560 -
520 3535 577 3573 non
599 3514 768 3575 conveniens
788 3525 838 3573 est.
854 3508 1022 3592 Ἀμφνίρνννς
1042 3511 1098 3588 (ab
1117 3509 1190 3592 iper)
1212 3513 1283 3592 sign.
1299 3515 1393 3594 rippl-

309 3623 412 3681 βνλνς,
430 3603 604 3684 Appiusque.
625 3605 720 3665 Potest
739 3615 850 3674 autem,
873 3616 904 3662 ut
924 3601 1010 3662 multa
1029 3601 1150 3662 verbalia
1169 3605 1199 3662 in
1218 3629 1285 3682 ras,
1306 3609 1391 3668 etiarn

309 3701 400 3758 active
425 3697 513 3778 poni,
536 3695 599 3776 pari
623 3693 827 3773 significatione
846 3705 874 3752 et
897 3713 949 3751 usu
972 3712 1027 3770 quo
1047 3689 1242 3770 ἆμφίλιιιτνς,
1266 3701 1301 3755 in
1321 3720 1390 3756 con-

310 3787 455 3846 tendendo
467 3797 497 3844 ct
514 3783 694 3864 disputando
711 3803 834 3861 anceps,
857 3781 933 3859 quod
951 3781 980 3840 h.
1000 3781 1020 3840 l.
1044 3803 1197 3862 congraum
1218 3797 1269 3843 est.
1291 3786 1390 3864 Itaque

309 3873 505 3955 corrigendum
530 3886 598 3956 puto
616 3897 623 3932 ε
649 3874 696 3934 ἐπ’
718 3873 872 3954 ἑμφιὶρνςνς
897 3870 1011 3942 ἐκείνης
1037 3899 1139 3934 ηυντ.
1159 3876 1281 3935 relano
1302 3897 1388 3936 voca-

309 3965 375 4025 bulo
394 3963 601 4045 ἑπιμφὸμςοε,
622 3976 653 4023 ut
676 3961 722 4025 tet
745 3963 782 4024 ad
802 3983 858 4042 seq.
878 3966 1031 4044 genitivum
1055 3965 1202 4047 pertineat.
1223 3965 1316 4039 Quam
1336 3987 1388 4048 pa·

309 4074 371 4114 rum
392 4075 424 4114 ac
443 4073 531 4135 paene
549 4053 620 4113 nihil
637 4052 690 4114 hoc
711 4053 795 4114 distet
816 4075 832 4112 a
853 4053 928 4132 vulg.
953 4053 1108 4134 scriptura,
1130 4055 1229 4132 cuique
1250 4067 1339 4136 patet.
