2840 4820
283 351 330 417 94
697 377 735 418 nn
757 375 947 422 morsurus

285 527 315 598 si
339 526 580 599 existimemus
618 531 738 624 poetas
766 530 841 624 jam
869 527 1013 602 dudum
1043 527 1170 602 eadem
1197 529 1259 604 illa
1295 531 1368 606 ob-

282 657 388 706 scure
407 657 614 708 memorasse
638 645 676 705 et
697 634 915 707 carminibus
932 661 1006 710 esse
1023 637 1245 728 vaticinatos,
1267 663 1369 738 quae

283 753 403 838 postea
432 739 688 838 aphilosophis
710 741 889 840 disputata
914 755 953 814 et
973 743 1170 817 rationibus
1193 744 1369 845 explicita

282 859 378 920 sunt.

330 955 419 1026 Nam
442 979 615 1053 magnum
639 953 797 1051 profecto
813 967 866 1028 est
886 955 1103 1042 discrimen,
1126 967 1254 1028 utrum
1282 983 1368 1031 sen·

282 1061 394 1132 tentia
423 1059 498 1158 ipsa
519 1060 649 1132 mentis
671 1059 707 1134 vi
737 1064 838 1158 quasi
859 1061 1019 1134 numinis
1050 1061 1189 1152 afflatu,
1211 1089 1258 1136 an
1278 1090 1368 1140 vero

281 1168 418 1264 judicio
440 1179 478 1240 et
503 1169 640 1240 ratione
681 1166 838 1242 adhibita
868 1170 1107 1263 enuntietur3
1143 1169 1368 1268 plurimum·

280 1299 353 1373 que
388 1275 561 1366 interest,
585 1301 658 1347 non
680 1275 787 1348 modo
806 1275 896 1374 quid
932 1275 1070 1348 dictum
1100 1277 1166 1366 sit,
1196 1277 1257 1350 sed
1288 1303 1368 1376 quo

279 1408 386 1457 sensu
403 1381 540 1454 dictum
562 1385 629 1475 sit,
643 1383 832 1484 indagare,
849 1409 965 1481 quum
981 1408 1084 1482 saepe
1100 1382 1231 1458 multos
1250 1385 1367 1460 etiam

278 1488 504 1589 philosophos
528 1489 733 1580 videamus,
758 1515 916 1588 quorum
941 1489 1068 1562 similia
1092 1491 1263 1564 feruntur
1279 1491 1367 1589 pla-

279 1597 378 1688 cita,
406 1619 529 1668 revera
564 1606 686 1668 tamen
715 1596 876 1670 multum
914 1596 1010 1668 inter
1040 1621 1079 1668 se
1109 1597 1365 1694 discrepantes.

277 1702 384 1797 Quod
415 1702 605 1774 discrimen
639 1715 800 1796 veteres,
830 1706 894 1802 qui
919 1702 1108 1776 literarum
1137 1715 1174 1776 et
1202 1703 1368 1802 philoso-

229 1855 232 1862 ·
277 1810 385 1908 phiae
410 1807 590 1881 historiam
608 1809 772 1880 nondum
796 1822 1113 1906 pertractaverant,
1139 1835 1243 1908 saepe
1264 1812 1367 1886 fefel-

278 1919 347 2008 lit,
373 1915 472 1990 unde
504 1940 578 1986 non
601 1941 680 1988 raro
705 1916 968 2014 antiquioribus
992 1917 1241 1992 attribuerunt
1263 1921 1364 2014 ejus·

277 2023 375 2096 modi
422 2020 586 2119 placita,
623 2047 718 2120 quae
756 2023 802 2096 ab
839 2049 964 2097 eorum
1005 2035 1128 2096 mente
1168 2035 1206 2096 et
1239 2025 1365 2100 studio

277 2129 527 2204 abhorrebant.

325 2235 465 2310 Deinde
493 2233 603 2306 altera
632 2236 747 2306 oritur
774 2238 937 2333 quaestio
972 2235 1019 2308 de
1053 2235 1184 2334 placito
1221 2233 1285 2309 illo
1321 2239 1364 2310 in

275 2341 432 2417 Eleatica
451 2334 568 2414 schola
586 2354 790 2440 pervagato,
810 2349 848 2412 τὰ
871 2353 965 2414 πάντα
990 2345 1020 2412 ἓν
1046 2340 1139 2434 εἶναι,
1156 2341 1252 2440 quod
1272 2345 1363 2418 inde

275 2478 296 2524 a
322 2447 543 2548 Xenophane
567 2447 720 2522 ductum
745 2473 818 2522 esse
850 2449 916 2520 hoc
948 2448 1022 2522 loco
1047 2449 1286 2548 praedicatur.
1317 2451 1364 2525 Id

273 2569 398 2630 autem
421 2567 601 2654 quantum
628 2553 743 2628 valeat
772 2553 963 2654 diligenter
989 2553 1271 2628 examinandum
1289 2569 1363 2648 est,

274 2689 354 2754 ne,
389 2661 486 2762 quod
517 2661 625 2734 multi
652 2663 845 2754 lecerunt,
877 2661 1107 2760 Xenophanis
1141 2663 1364 2736 sententiam

272 2795 358 2842 cum
384 2767 537 2840 aliorum
561 2767 697 2866 placitis
726 2767 999 2842 confundamus.
1028 2770 1117 2842 Nam
1144 2793 1261 2868 quum
1293 2769 1363 2842 ali·

272 2877 370 2976 quod
391 2875 565 2974 placitum
583 2901 648 2976 per
667 2873 800 2947 multos
817 2877 981 2973 ejusdem
1002 2877 1209 2974 disciplinae
1231 2903 1361 2950 aemu-

272 2983 325 3058 los
350 2983 570 3082 agitaretur.
597 2979 701 3053 facile
722 2981 958 3080 intelligitur,
976 2983 1073 3056 idem
1092 2983 1137 3055 ab
1155 2981 1232 3056 aliis
1251 2979 1363 3057 aliter

271 3087 499 3164 intellectum
512 3101 548 3160 et
558 3087 602 3162 de
612 3115 654 3162 eo
665 3089 809 3162 diversis
821 3089 932 3160 modis
944 3088 1167 3186 disputatum
1181 3115 1254 3162 esse
1269 3116 1276 3160 :
1292 3089 1361 3162 fal-

271 3224 354 3272 sum
371 3195 460 3270 adeo
472 3197 577 3287 foret,
593 3221 687 3294 quae
698 3193 844 3294 singuli,
862 3208 905 3267 ut
918 3195 1159 3282 Parmenides,
1175 3193 1360 3288 Melissus,

270 3306 368 3377 Zeno
396 3303 596 3392 sentirent,
625 3301 750 3374 eadem
775 3303 871 3373 inter
897 3327 1020 3376 omnes
1042 3301 1214 3374 Eleaticos
1234 3302 1357 3376 facere

269 3412 498 3500 communia,
533 3421 597 3480 aut
621 3433 664 3479 ex
690 3408 845 3506 quadam
870 3409 1016 3482 rationis
1035 3409 1216 3496 formula,
1242 3434 1360 3507 quam

270 3517 436 3618 plerique
455 3529 698 3616 usurparent,
718 3515 944 3616 singulorum
966 3519 1159 3590 sententias
1173 3517 1357 3612 judicare.

268 3625 398 3724 Itaque
432 3621 581 3696 illudo
613 3619 684 3693 εἶναι
709 3632 806 3694 πάντα
833 3621 919 3696 licet
947 3627 1145 3722 generatim
1173 3627 1358 3722 pertineat

269 3733 314 3806 ad
341 3734 546 3808 universam
573 3729 814 3803 Eleaticorum
843 3731 1023 3824 scholam,
1050 3745 1086 3806 at
1113 3757 1223 3832 quam
1246 3735 1357 3806 variis

268 3841 383 3914 modis
405 3853 522 3940 potest
543 3837 722 3938 explicari.
749 3838 865 3934 Quale
883 3839 1098 3941 intelligitur
1125 3847 1156 3912 τὸ
1178 3839 1240 3914 ir?
1255 3841 1356 3915 Num

267 3948 344 4046 ipse
369 3973 434 4046 per
457 3975 495 4022 se
519 3973 695 4021 numerus
719 3973 784 4022 seu
810 3974 958 4041 monas,
988 3949 1153 4022 omnium
1182 3974 1356 4024 numero·

267 4079 354 4128 rum
394 4053 647 4153 principium?
679 4082 725 4128 an
757 4054 972 4154 intelligitur
1000 4068 1129 4129 natura
1162 4053 1285 4154 aliqua
1319 4057 1354 4130 ei
