2966 4824
564 412 803 462 rmnoaorma.
1161 403 1224 464 153

91 639 94 644 .
149 602 225 652 esse
260 594 471 653 asseverant.
521 581 576 654 Sic
610 581 764 656 diversas
794 581 954 656 notiones
978 583 1227 676 confundunt,

150 697 225 773 duo
242 697 358 773 illaet
381 701 552 776 contraria
572 703 668 776 inter
687 727 724 775 se
740 716 777 776 et
794 700 889 776 idem
907 704 1138 780 statuentes.”
1166 706 1229 780 His

151 821 264 918 igitur
282 821 502 922 argumentis
521 821 645 918 efficit,
660 849 780 899 unum
802 826 845 901 τὸ
863 827 1048 904 laterum
1067 851 1229 903 esse-nec

147 955 331 1041 praeterea
354 942 553 1044 quidquam
578 953 633 1018 ²⁹.

196 1064 293 1138 Haec
324 1068 583 1164 argumentatio
608 1081 715 1168 caput
738 1083 812 1162 est,
846 1093 867 1142 e
891 1096 965 1170 quo
988 1094 1111 1144 omnes
1134 1069 1228 1143 Par-

148 1185 302 1260 menidis
325 1187 476 1260 rationes
499 1187 679 1287 pendent,
692 1215 842 1292 quoque
860 1217 983 1266 omnes
1002 1189 1227 1266 referuntur.

148 1309 203 1381 Ita
219 1307 386 1407 deinceps
409 1307 448 1381 in
473 1309 695 1410 explicando,
720 1311 827 1412 quale
844 1311 890 1386 sit
913 1337 996 1400 ens,
1023 1336 1065 1386 eo
1089 1335 1229 1411 semper

149 1427 354 1524 reducitur,
372 1456 491 1504 unum
510 1457 574 1504 ens
589 1457 664 1506 esse
676 1487 686 1526 ,
698 1435 919 1508 contrarium
936 1457 1022 1508 vero
1036 1431 1125 1504 nihil
1138 1457 1231 1526 ease3

148 1563 194 1622 ut
221 1549 392 1624 ambabus
414 1550 470 1626 his
496 1552 702 1628 notionibus
726 1556 842 1628 omnis
862 1551 941 1653 ejus
961 1551 1119 1626 doctrina
1143 1566 1229 1626 tau-

99 1747 105 1759 ,
148 1699 262 1773 quarn
291 1673 527 1750 fundamento
559 1676 696 1748 nitatur
716 1685 774 1750 ³⁰.
824 1677 908 1770 Quo
942 1673 1072 1750 melius
1105 1687 1229 1748 autem

147 1791 372 1867 Parmenidis
383 1795 595 1868 senteutiam
604 1795 855 1894 intelligamus,
866 1795 1117 1896 quaerendum
1128 1794 1229 1870 nobis

148 1929 222 2013 est,
247 1913 348 1988 unde
370 1913 499 1990 ductae
522 1915 594 1988 sint
618 1914 685 1988 hae
709 1917 870 1990 notiones
891 1929 927 1990 et
951 1941 1025 2015 quo
1047 1929 1227 2012 spectent:

146 2061 467 2138 numquamquam
480 2037 556 2136 ipsi
565 2035 761 2112 disserendi
773 2035 835 2112 vit
847 2035 1038 2111 videantur
1050 2049 1227 2134 repertae,

145 2153 342 2258 pleraeque
363 2172 484 2232 tamen
504 2157 768 2234 dialecticorum
785 2154 1229 2258 rationeseph'tlosophan·

148 2279 243 2352 tium
266 2279 509 2356 oontroversiis
531 2293 635 2354 naue
659 2295 756 2354 sunt.

197 2402 324 2474 Entis
347 2403 443 2476 notio
466 2400 573 2476 ducta
598 2417 650 2476 est
670 2429 690 2474 a
710 2403 955 2503 Xenophane,
975 2405 1041 2505 qui
1061 2415 1228 2478 naturam

146 2525 344 2624 anquireus
376 2522 536 2600 humand
570 2523 811 2599 vicissitudine
843 2539 1030 2600 vacantem
1068 2549 1228 2626 praeque

21 2729 24 2734 Α
146 2643 317 2730 omnibus
328 2645 578 2737 excellentem,
596 2643 705 2718 talem
721 2647 927 2722 informavit
938 2648 1074 2739 Deum,
1085 2645 1151 2746 qui
1163 2672 1230 2745 per·

25 2839 28 2846 ,
146 2789 186 2838 se
210 2779 301 2838 esset
322 2779 359 2839 et
382 2791 522 2866 semper
544 2765 660 2858 idem3
686 2767 736 2840 sio
757 2766 816 2842 ille
841 2767 1000 2844 divinam
1021 2769 1229 2868 praesertim
1273 2831 1290 2847 ,

145 2889 224 2962 vim
241 2889 410 2963 essentiae
427 2890 570 2964 notione
586 2887 903 2988 comprehenderat
917 2899 972 2964 ³¹.
1000 2891 1109 2965 Hunc
1127 2915 1229 2964 secu·

144 3023 207 3083 tus
238 3008 485 3103 Parmenides,
524 3011 605 3084 Dei
638 3011 820 3084 notionem
853 3013 1073 3111 segregavit,-
1109 3011 1230 3087 tenuit

147 3133 269 3230 ipsum
293 3128 384 3204 illud
408 3157 486 3206 ens
501 3158 566 3231 per
587 3158 626 3206 so
642 3131 941 3230 comprehensum
958 3158 1097 3232 samque
1112 3129 1229 3231 specie

146 3277 377 3353 expressum,
401 3251 506 3352 cujus
530 3256 716 3330 veritatem
739 3253 983 3327 demonstrare
1007 3265 1044 3326 et
1062 3266 1229 3356 naturam

143 3372 325 3473 explicare
349 3373 413 3448 sibi
438 3377 631 3475 proposuit.

183 3495 285 3568 *Enti
302 3497 451 3594 opponit
462 3522 547 3570 non
564 3523 653 3591 ens,
669 3524 744 3600 quo
758 3497 887 3598 posito,
912 3521 977 3570 eus
991 3521 1098 3570 omne
1113 3495 1227 3568 omni·

149 3641 199 3689 no
214 3616 355 3714 negari,
371 3642 438 3690 nec
454 3617 654 3719 quidquam
670 3619 826 3720 relinqui
843 3617 941 3720 quod
958 3617 1025 3690 dici
1043 3615 1231 3716 cogitarive

148 3737 272 3836 possit,
287 3737 411 3812 sedulo
428 3741 556 3840 arguit.
586 3741 682 3820 Haec
696 3766 871 3840 quorsum
888 3734 1076 3839 spectanti
1101 3739 1230 3812 Sextus

182 3907 240 3974 (²9)
273 3905 331 3958 vid.
347 3922 395 3959 vas.
413 3905 509 3971 35-45,
533 3917 561 3962 et
578 3908 668 3972 46-51.

181 3993 239 4061 (30)
272 3994 329 4046 tid.
347 4012 395 4047 ves.
412 3997 459 4060 63,
479 4013 519 4062 71,
538 4001 585 4060 88,
603 3999 636 4068 95
653 4017 691 4071 sq.
713 3999 765 4051 105.
832 4051 835 4058 ,

180 4083 237 4152 (31)
270 4085 327 4138 vid.
356 4087 497 4141 Aristotelis
519 4098 545 4141 ct
574 4089 696 4160 Simplicii
721 4091 882 4156 testimonia,
911 4091 937 4143 in
959 4089 1125 4161 Xenophanis
1142 4091 1231 4159 fragm.

145 4183 175 4235 p.
194 4183 258 4234 roo,
277 4183 337 4233 107,
361 4169 376 4220 ir
394 4185 434 4222 roe
453 4170 541 4223 relata.
