2942 4830
282 379 346 450 rm
678 401 726 448 mr
748 399 965 448 rmnumrs

280 583 513 658 commoveat,
537 565 597 638 sed
619 567 808 639 contrarius
825 567 918 638 vires
933 579 970 638 et
982 579 1099 638 motus
1114 567 1209 638 inter
1223 591 1259 640 se
1273 591 1361 638 oon·

280 688 389 778 odiet,
409 685 531 780 talem,
552 685 666 787 qualis
685 713 704 758 n
726 685 917 759 Plutarcho
934 699 1096 760 veterum
1114 687 1277 786 exemplo
1296 688 1360 758 fin·

281 813 378 908 gitur
397 811 500 890 Debc
524 810 767 907 ἁρμονικός,
787 811 842 900 τὴν
863 814 920 900 τῆς
941 807 1133 907 θερμότητος
1150 804 1358 908 miiitum&-

281 959 379 1019 rnrcc
400 929 431 1006 ἓν
455 933 570 1032 κόσμῳ
590 933 746 1006 κοινωνίαν
766 935 823 1006 ml
845 931 1027 1030 διωφορὶνν,
1047 931 1133 1010 troc
1149 933 1360 1006 τυννὶσνντιιῖ

281 1079 320 1126 τε
339 1057 473 1152 μετρίως
497 1057 554 1129 ccl
578 1052 756 1129 troicum
782 1053 901 1146 πάλιν,
924 1053 1137 1152 ἐπιτροπεύων
1154 1061 1209 1128 ³².

329 1175 438 1249 Fictio
455 1190 575 1248 autern
597 1175 684 1248 haec
710 1177 844 1273 poetica
860 1191 913 1248 cst
925 1177 1121 1273 cademque
1138 1176 1355 1274 Graecorum

281 1295 404 1368 studiis
423 1321 566 1394 prorsus
588 1313 833 1370 consentanea.
884 1297 975 1389 Quis
995 1299 1146 1394 ignorat,
1164 1309 1302 1395 quauta
1318 1297 1355 1364 iu

281 1419 497 1490 Graecorum
540 1419 725 1508 institutis,
763 1416 1005 1517 religionibus,
1042 1415 1187 1506 fabulis,
1218 1417 1356 1488 Amoris

282 1537 392 1612 fuerit
420 1538 602 1612 celebritas
617 1537 681 1609 ³³?
729 1540 847 1612 Etiam
873 1539 1101 1612 vetustissimi
1125 1551 1223 1612 votes
1244 1551 1282 1610 et
1301 1549 1357 1609 sa*
1462 1601 1463 1612 ,

280 1663 437 1758 pientes,
460 1658 652 1752 Hesiodus,
674 1657 912 1758 Pherecydes,
936 1659 1135 1753 Acusilnus,
1158 1661 1198 1731 in
1220 1659 1357 1758 theogo

281 1782 341 1852 riis
360 1779 550 1854 condendis
569 1793 606 1852 et
621 1779 750 1853 mundi
772 1779 971 1878 primordiis
990 1779 1223 1870 celebrandis,
1238 1781 1356 1854 Amori

281 1903 488 2000 praecipuas
518 1899 721 1974 tribuerunt
752 1916 885 2000 partes,
919 1927 1008 2002 quos
1035 1903 1243 1999 posteriores
1273 1919 1356 1976 sunt

281 2023 467 2112 aemulati3
500 2023 561 2096 sed
592 2035 635 2096 ut
660 2025 764 2119 prisci
794 2021 844 2093 illi
876 2049 931 2097 res
959 2037 1110 2097 naturae
1133 2023 1175 2096 od
1201 2025 1355 2098 Deorum

280 2170 465 2242 personas,
500 2145 651 2216 actiones
682 2155 718 2215 ct
746 2169 895 2217 munera
921 2143 1138 2235 referebant,
1167 2147 1216 2218 sic
1241 2159 1356 2244 postea
1463 2159 1464 2182 ¹

280 2267 466 2358 doctiorem,
490 2265 592 2340 velut
616 2263 860 2358 Parmenides,
883 2269 1039 2338 Deorum
1062 2267 1212 2340 numine
1230 2267 1273 2340 sd
1291 2295 1356 2342 nn·
1463 2295 1464 2302 ¹

274 2402 383 2467 ,turae
396 2391 489 2462 vires
506 2387 705 2487 mundique
716 2401 834 2486 portes
845 2387 1085 2485 significandas
1097 2386 1353 2462 adhibuerunt:

280 2535 345 2607 pro
359 2511 516 2582 Deorum
535 2509 669 2607 nuptiis
686 2508 863 2580 induxere
882 2506 1140 2582 clementorum
1162 2508 1351 2596 connubia,

281 2655 400 2703 umore
423 2628 566 2728 juncte,
589 2629 707 2729 qualia
729 2627 909 2728 eleganter
929 2627 1095 2700 describit
1117 2629 1286 2731 Virgilius
1302 2639 1351 2698 ³⁴:

333 2749 426 2822 Τιιηι
440 2751 558 2824 Pater
567 2753 794 2847 omnipotens
801 2749 992 2848 fhecundr's
1003 2751 1180 2824 imbribus
1192 2754 1324 2826 Aether

333 2874 508 2974 Conjugis
525 2878 564 2947 in
577 2877 756 2974 grenrium
767 2878 889 2950 laetae
900 2873 1086 2948 descendit
1093 2929 1106 2964 ,
1116 2887 1152 2948 et
1161 2902 1286 2950 omnes

330 2997 500 3094 Magnus
513 2998 582 3068 alit
588 3021 747 3094 ,magno
759 2997 977 3070 commixtus
987 3023 1135 3092 corpore
1142 3051 1157 3085 ‚
1163 2995 1275 3094 fetus.

281 3117 337 3190 Sic
355 3119 449 3190 canit
464 3119 649 3217 Virgilium
672 3119 721 3190 sic
739 3117 879 3190 dudum
897 3131 979 3190 onte
997 3117 1183 3218 Virgilium
1202 3121 1240 3190 in
1256 3144 1350 3192 scena

282 3240 490 3313 cecinerunt
509 3237 702 3338 Aeschylus
720 3253 757 3310 ct
774 3237 963 3336 Euripides
977 3247 1031 3328 ³⁵,
1047 3240 1112 3338 qni
1131 3239 1216 3314 haec
1231 3243 1350 3339 partim

282 3389 301 3432 a
332 3362 442 3460 poetis
473 3361 602 3459 partim
626 3387 646 3431 a
670 3359 887 3459 pbilosophis
909 3359 1185 3456 depromserent.
1239 3367 1350 3464 Atque

281 3483 382 3556 hunc
414 3485 453 3554 iu
486 3481 633 3556 modum
665 3479 912 3554 Parmenidem
940 3483 977 3554 iu
1004 3483 1211 3580 exponenda
1235 3511 1349 3558 rerum

314 3649 373 3716 (32)
406 3647 535 3701 Plutarch.
557 3649 691 3718 deprimo
711 3647 767 3715 frig.
787 3647 905 3710 VollX,
929 3667 955 3718 p.
978 3649 1032 3714 730.
1053 3648 1136 3702 lleirk.

314 3739 370 3807 (33)
406 3739 462 3790 Vid.
479 3740 600 3791 Creuzeri
618 3739 736 3807 Praeper.
756 3739 789 3790 etl
807 3739 898 3793 Plotin.
917 3739 950 3792 de
969 3741 1052 3792 Pulcr.
1067 3741 1178 3810 pXXX
1190 3758 1227 3812 oq.
1246 3743 1346 3796 Procius

282 3829 308 3878 in
329 3827 476 3886 Timaeum,
499 3845 524 3897 p.
546 3828 599 3879 155.

314 3918 371 3985 (34)
405 3917 524 3986 Virgilius
544 3919 635 3984 Georg.
652 3921 689 3982 11,
711 3917 768 3972 325.

313 4005 370 4072 (35)
404 4009 502 4058 Horum
515 4007 663 4060 nobilluimi
674 4025 762 4062 versus
774 4018 875 4062 exstant
886 4011 953 4080 opud
967 4013 1125 4068 Athenaeum
1136 4015 1213 4078 XIII,
1227 4018 1251 4068 8.
1259 4031 1285 4083 p.
1295 4013 1345 4065 600.

283 4095 320 4148 Cf.
342 4096 432 4162 lleyne
451 4097 483 4148 nd
506 4099 573 4163 l'irg.
596 4099 611 4148 l.
626 4099 641 4150 l.
