2870 4824
269 367 292 432 I
721 390 915 436 mrornsrus

272 567 356 616 rum
366 545 544 616 sententia
558 544 673 616 omnis
685 555 893 641 temporum
905 541 992 615 ordo
1006 541 1224 638 pervertitur
1237 539 1357 638 (uter-

270 676 344 750 que
356 653 453 724 enim
473 652 683 751 Anaxagora
697 653 805 724 etiam
820 650 993 749 posterior
1005 649 1077 720 fuit
1091 649 1125 742 )3
1146 645 1358 745 explicanda

182 812 184 816 -
270 769 360 830 sunt
380 782 421 830 ea
441 783 535 857 quae
558 759 598 830 in
622 757 768 831 Eusebii
797 781 934 830 canone
957 753 1125 828 chronico
1146 765 1268 824 notata
1297 778 1359 826 re·

270 867 492 965 periuntur,
518 867 584 940 nbi
609 866 752 939 duobus
774 864 858 938 Iocis
877 863 1107 962 Xenophanis
1133 863 1268 936 mentio
1289 863 1356 934 fit:

268 973 431 1071 primum
463 973 508 1047 ad
536 971 680 1071 Olymp.
710 970 788 1062 56,
820 999 851 1043 a.
885 970 920 1062 4.
951 973 1113 1068 Ξὲνοφάυης
1143 979 1157 1038 ὸ
1185 973 1361 1067 Κολοφώνιος

268 1087 446 1176 ἐγνωρῐζετο.
475 1080 611 1152 Iterum
637 1079 681 1150 ad
711 1077 855 1178 Olymp.
881 1075 955 1167 60,
985 1103 1018 1146 a.
1053 1099 1085 1146 2.
1114 1076 1281 1156 Φωκυλίδης
1307 1080 1360 1144 καὶ

271 1187 430 1285 Ξενοφάνης
456 1195 568 1286 φυσικὸς
590 1189 789 1284 τραγῳδοποίος
811 1180 1014 1281 έγνωρίζετοῦ.
1115 1217 1123 1230 ·

321 1295 546 1368 Postremum
565 1295 632 1367 hoc
652 1295 761 1367 etiam
781 1293 955 1390 Diogenes
975 1290 1137 1363 Laertius
1153 1289 1361 1388 comprobat

272 1399 340 1492 lx,
354 1423 418 1472 20:
434 1401 551 1493 ἤκμαζε
565 1409 643 1472 κατὰ
661 1410 720 1484 τὴν
732 1403 923 1485 ἑξηκοστὴν
939 1393 1138 1490 Ὀλυμπιάδα,
1153 1397 1253 1468 Circa
1263 1396 1361 1469 idem

270 1519 417 1604 tempus
434 1533 460 1602 ‚e
482 1507 699 1605 philosophis
720 1508 943 1602 Pythoporns
953 1558 967 1592 ,
988 1531 1008 1578 e
1032 1507 1147 1602 poetis
1171 1505 1360 1578 Anacreon

271 1611 503 1706 floruerunt,
523 1615 613 1687 dum
638 1619 839 1709 Polycrates
863 1613 1065 1684 Samiorum
1090 1624 1265 1705 tyrannus
1291 1637 1361 1709 po-

272 1721 387 1793 tentia
413 1721 569 1793 maxime
599 1719 847 1796 invalescebat.
872 1718 1015 1812 Quibus
1042 1718 1210 1790 omnibus
1232 1718 1358 1791 Xeno-

273 1825 433 1926 phanem
453 1825 642 1925 aequalem
664 1827 771 1898 finisse
794 1827 844 1896 ait
865 1838 991 1898 auctor
1013 1823 1177 1922 Theolog.
1199 1825 1357 1897 Arithm.

273 1960 311 2034 p.
331 1935 399 2027 40,
417 1935 473 2008 ed.
495 1933 647 2009 Boechh.
671 1935 698 2034 φ’
719 1965 779 2032 γαρ
791 1939 843 2004 καῖ
857 1935 893 2006 rd'
911 1934 962 2016 ἔτη
977 1934 1101 2028 ἔγγιστα
1113 1939 1167 2005 ἀπὸ
1186 1953 1241 2004 τῶν
1266 1939 1363 2031 Τρωι-

273 2061 333 2116 κῶν
356 2053 494 2141 ῖςορεῖται
519 2052 610 2140 μέχρι
637 2043 805 2139 Ξενοφάνους
833 2054 879 2112 τοῦ
903 2054 1015 2139 φυσικοῦ
1041 2047 1169 2110 καὶτῶν
1192 2033 1364 2136 Ἀνακρέον-

273 2160 321 2229 τός
338 2178 370 2218 τε
391 2157 441 2220 καὶ
459 2155 656 2248 Πολυκράτους
672 2159 784 2246 χρόνων
810 2155 861 2219 καὶ
882 2159 931 2232 τὴς
952 2153 1003 2220 ὑπὸ
1026 2147 1171 2246 Ἀρπάγω
1193 2165 1238 2220 τοῦ
1262 2153 1366 2230 Μήδαν

271 2251 376 2327 Ἰώνων
400 2263 561 2355 πολιορκίας
585 2265 634 2327 καὶ
659 2267 852 2346 ἀναςάσεως,
880 2258 914 2338 ἣν
938 2261 1048 2334 Φωκεῖς
1071 2266 1203 2354 φυγόντες
1229 2261 1364 2328 Μασσα-

275 2365 343 2435 λίαν
362 2363 486 2459 nieuw
503 2407 552 2419 -
568 2381 640 2436 πᾶσι
658 2371 717 2462 γὰρ
732 2369 834 2442 τούτοις
850 2371 1003 2460 ὁμόχρσνυς
1020 2373 1035 2433 ὁ
1053 2369 1248 2462 Πυθαγόρας.
1268 2371 1362 2436 Hor-

275 2577 453 2661 Xenophane
476 2578 547 2640 dicit
571 2599 630 2638 esse
650 2590 792 2640 versatum
812 2599 820 2634 :
843 2599 899 2658 quo
919 2578 1003 2638 ctiam
1023 2576 1130 2638 dictum
1151 2577 1293 2657 quoddam
1317 2599 1365 2638 re-

275 2669 390 2745 fertur,
417 2669 495 2749 qnod
520 2670 595 2729 infra
620 2669 846 2730 memorabimus.
873 2670 937 2750 Ipse
965 2669 1049 2728 etiam
1074 2670 1212 2750 Diogenes
1234 2689 1362 2752 prooem.

276 2769 344 2822 sect.
369 2757 411 2819 15.
444 2759 531 2818 refert
561 2757 766 2839 Xenophanem
790 2758 953 2818 successisse
984 2759 1137 2838 Telougae
1161 2757 1365 2841 Pythagoreo,

276 2867 359 2927 quem
379 2846 506 2907 eumdem
524 2847 702 2928 Empedoclis
720 2847 885 2926 magistrum
903 2843 1017 2924 quidam
1034 2846 1176 2924 lecerunt5
1193 2848 1263 2908 ibid.
1279 2849 1363 2910 VIII.

276 2935 327 3016 43.
348 2937 390 2995 Dc
409 2935 546 2997 Archelao
564 2949 699 2996 memorat
717 2936 795 2996 idem
814 2936 869 3006 IX,
894 2933 940 2995 18.
967 2931 1096 3003 driccam
1119 2935 1206 2998 Ν-
1218 2931 1253 2998 ὃς
1273 2961 1365 3014 τινες,

275 3025 439 3110 'Appennino
458 3028 572 3088 Lucian.
592 3027 622 3085 in
640 3027 768 3086 Macrob.
789 3026 809 3088 I.
826 3027 846 3112 I.
864 3031 920 3088 iss·
932 3023 970 3086 di
989 3027 1004 3087 ci
1024 3027 1128 3104 Δεξίνου
1140 3025 1191 3106 peis
1213 3027 1284 3101 aiis,
1302 3031 1367 3112 'Ap-

277 3120 382 3198 χιλᾶον
405 3117 442 3180 di
464 3129 514 3180 ut
533 3128 649 3194 φυσικοῦ
666 3117 813 3196 passivas.
1099 3123 1101 3130 ⁴

317 3208 362 3289 (6)
380 3209 494 3291 Duplici
514 3209 568 3270 hac
590 3211 735 3270 mentione
756 3207 870 3288 quidam
891 3209 922 3268 in
947 3229 1069 3271 errorem
1094 3209 1203 3272 inducti
1222 3225 1288 3273 crint
1299 3257 1308 3290 ,
1332 3225 1367 3274 nt

276 3311 433 3384 putarent,
455 3299 544 3382 priori
566 3299 628 3360 loco
649 3298 834 3384 Xenophanis
856 3321 961 3360 annum
983 3301 1104 3362 natalem
1127 3303 1278 3383 significari
1289 3347 1300 3376 ,
1331 3315 1365 3364 ut

276 3391 404 3454 Brncker
422 3391 458 3452 Τ.
478 3391 504 3462 1,
529 3413 556 3474 p.
581 3389 668 3470 1144.
695 3392 824 3451 Fortasse
848 3412 900 3472 pro
925 3391 1082 3474 ἐγινρίζιτο
1108 3392 1164 3474 legi
1188 3393 1234 3454 hic
1255 3397 1368 3477 putarit

274 3484 410 3564 ν’γίητο,
440 3480 517 3561 qnod
540 3481 687 3564 probabile
711 3493 805 3562 posset
827 3481 941 3559 rideri,
966 3486 1021 3544 nisi
1045 3485 1154 3566 saepius
1178 3485 1225 3546 ille
1250 3488 1368 3547 canonis

278 3575 405 3636 chronici
435 3585 535 3633 auctor
558 3572 660 3632 soleret
687 3573 718 3631 in
743 3571 874 3632 notandis
899 3575 1071 3656 temporibus
1097 3575 1210 3636 diversa
1237 3577 1368 3658 proferre

277 3666 457 3727 testimonia:
473 3662 560 3726 veluti
574 3662 609 3724 dc
624 3662 792 3747 bacchylide
807 3662 843 3723 ad
858 3664 969 3747 Olymp.
986 3665 1040 3748 78,
1057 3686 1085 3727 2.
1103 3678 1130 3726 et
1145 3665 1258 3749 Olymp.
1270 3665 1322 3750 87,
1336 3689 1368 3730 α.

318 3756 353 3815 In
368 3758 455 3816 altero
470 3767 562 3814 autem
576 3754 638 3814 Ioco
662 3755 850 3836 Hieronymus
865 3755 966 3816 Latine
980 3755 1053 3816 hanc
1067 3757 1181 3818 exhibet
1196 3757 1367 3820 lectionem:

281 3867 298 3901 c
318 3843 475 3905 Simonides
487 3845 604 3927 Lyricus
623 3856 651 3902 et
671 3843 835 3927 Phocylides
855 3843 922 3904 clari
942 3844 1099 3920 habentur,
1125 3858 1152 3906 et
1172 3845 1368 3929 Xenophanes

277 3935 415 4018 Physicns
438 3937 558 4017 scriptor
574 3935 817 4017 tragoediarum.»
842 3939 1004 3996 Simonidis
1029 3957 1162 3998 nomene
1179 3937 1287 3999 Gracco
1300 3960 1370 4000 con·

278 4037 359 4087 textu
378 4028 471 4108 potnit
480 4025 625 4102 excidere,
645 4037 677 4085 nt
693 4037 774 4108 putat
790 4025 833 4086 Cl.
851 4025 915 4086 Van
931 4026 1026 4088 Goens
1045 4026 1080 4089 de
1095 4027 1249 4092 Simonide.
1268 4051 1297 4114 p.
1314 4051 1367 4092 no.

279 4119 454 4197 Quamquam
473 4135 507 4176 ea
524 4125 614 4175 aetate
631 4113 678 4175 hic
697 4115 806 4196 juvenis
825 4113 917 4177 adhuc
936 4129 1018 4178 esset.
