2840 4820
321 333 385 398 ldss
726 353 765 394 na
787 351 978 394 xsnornsrus

316 501 585 592 difficultatem,
615 500 711 598 quod
736 501 972 598 scriptorum,
1000 499 1064 596 qui
1091 497 1136 572 de
1153 523 1205 571 eo.
1221 500 1368 596 prodide-

316 622 428 698 runt,
445 633 530 680 cum
541 631 667 704 magua
696 619 748 678 est
763 607 857 678 inter
875 609 965 703 ipsos
990 605 1154 676 dissensio
1177 617 1252 676 tum
1270 607 1367 678 etiam

316 714 572 812 plerorumque
598 733 726 808 parurn
759 711 904 809 probata
935 712 1133 784 auctoritas.
1160 708 1255 802 Quos
1284 713 1368 782 enim

315 824 355 893 in
384 819 565 892 tractanda
593 819 800 916 quaestione
825 817 870 891 de
902 817 977 889 Deo
1004 817 1116 890 secuti
1144 841 1268 888 sumus
1293 843 1368 890 auc·

315 940 432 1018 tores,
456 925 706 1016 Aristotelem,
739 925 1045 1022 Theophrastum,
1070 922 1314 1020 Simplicium,
1337 924 1369 996 hi

315 1060 437 1106 omnes
469 1033 514 1106 de
547 1045 698 1104 naturae
729 1030 913 1104 elementis
946 1029 1037 1100 nihil
1070 1043 1285 1123 memorant,
1314 1033 1368 1128 qui

314 1154 437 1213 autem
468 1141 514 1212 de
538 1139 594 1211 his
615 1138 824 1212 retulerunt
852 1139 900 1212 ita
934 1139 1030 1210 inter
1065 1161 1101 1208 se
1127 1137 1312 1226 dissident,
1334 1150 1369 1210 ut

315 1245 417 1318 facile
434 1257 619 1342 appareat,
643 1243 832 1341 plerosque
856 1244 1033 1339 opinionis
1050 1245 1254 1336 conjectura
1274 1243 1368 1339 magis

314 1375 424 1448 quam
440 1362 734 1448 argumentorum
751 1351 962 1422 auctoritate
979 1373 1059 1420 usos
1076 1349 1212 1420 incerta
1230 1361 1267 1419 et
1288 1373 1368 1420 com-

314 1459 476 1529 mentitia
499 1481 564 1554 pro
588 1459 680 1530 veris
701 1457 857 1554 ratisque
884 1455 1076 1526 tradidisse.

363 1566 415 1634 Ac
450 1575 610 1635 veterem
634 1562 779 1660 quidem
806 1563 913 1634 fuisse
939 1560 1030 1632 hauc
1054 1561 1290 1654 interpretum
1310 1557 1366 1630 dis·

312 1669 551 1762 ceptationem
569 1670 698 1740 Sextus
727 1668 927 1764 Empiricos
952 1666 1076 1755 docet,
1101 1689 1218 1762 quum
1238 1664 1365 1754 reserat,

312 1772 398 1844 alios
421 1775 636 1848 contendere
661 1775 924 1870 Xenophanem
950 1797 1065 1844 unum
1096 1774 1212 1843 omnis
1237 1785 1367 1842 naturae

313 1881 531 1977 principium
556 1882 717 1952 statuisse
741 1893 896 1966 terram,
919 1878 1004 1950 alios
1024 1879 1097 1950 duo
1122 1879 1158 1952 ei
1187 1877 1365 1965 elementa,

312 1995 445 2057 terram
468 1999 505 2058 et
529 2011 684 2083 aquam,
717 1985 903 2075 tribuere,
934 2009 1092 2082 quarum
1121 1984 1365 2056 sententiarum

310 2103 505 2188 utramque
533 2093 643 2186 ipsius
669 2091 830 2161 versibus
852 2091 985 2160 firmari
1016 2089 1039 2162 ³.
1069 2090 1241 2164 Posterior
1263 2089 1366 2185 opinio

311 2197 420 2268 Sexto
442 2199 508 2294 ipsi
527 2194 743 2293 probabilior
766 2196 857 2286 visa,
872 2208 908 2268 et
920 2197 968 2266 sic
985 2195 1196 2294 Xenophani
1213 2195 1366 2294 placuisse

310 2326 383 2372 non
413 2299 522 2373 semel
546 2302 622 2372 sine
648 2303 876 2372 cunctatione
902 2299 1053 2373 affirmat
1077 2301 1113 2392 ⁴3
1147 2301 1207 2373 alii
1236 2301 1366 2372 alteram

309 2407 517 2504 opinionem
531 2405 743 2496 laudarunt,
758 2405 867 2478 solam
892 2421 1024 2478 terram
1048 2433 1121 2480 esse
1144 2434 1265 2480 rerum
1283 2407 1365 2502 prin·

309 2515 446 2610 cipium
469 2510 492 2581 ⁵.
517 2511 619 2584 Unus
644 2511 816 2608 Diogenes
839 2511 997 2584 Laertius
1019 2513 1264 2611 pervulgatam
1281 2511 1366 2582 illam

309 2616 566 2713 plerorumque
592 2620 829 2708 sententiam,
859 2631 1014 2714 quatuor
1038 2645 1110 2690 esse
1135 2632 1283 2689 naturae
1305 2615 1365 2686 ele-

308 2735 450 2810 menta,
475 2723 582 2794 etiam
607 2723 645 2792 in
670 2721 927 2820 Xenophanem
944 2725 1081 2796 confert
1098 2724 1120 2795 ⁸.
1146 2725 1282 2796 Harum
1301 2721 1364 2818 opi-

350 2935 390 3010 (3)
412 2931 485 2992 adv.
502 2931 638 2991 Mathem.
657 2931 705 3006 X,
723 2937 781 2994 313
800 2955 842 3012 sq.

351 3029 397 3112 (4)
418 3029 490 3090 lhid.
520 3030 582 3100 IX,
604 3029 671 3091 361.
694 3032 833 3114 Pyrrlron.
867 3034 928 3106 Ill,
957 3035 1005 3094 30.
1037 3033 1171 3093 Similiter
1192 3033 1362 3116 Porphyrius,

310 3119 492 3194 Eustathius‚
520 3141 589 3198 quos
617 3122 717 3200 fragm.
745 3121 790 3182 IX
820 3135 847 3180 et
874 3113 1090 3198 X'attulimus5
1124 3123 1245 3182 Galenus
1278 3120 1364 3178 Philus.

310 3231 338 3292 p.
365 3230 402 3292 27
423 3207 466 3284 1);
487 3205 660 3289 Epiphanius
682 3209 746 3269 adv.
772 3211 886 3271 Haeres.
910 3209 941 3271 L.
963 3213 1026 3285 ΙΙΙ,
1052 3234 1080 3293 p.
1108 3211 1181 3294 1087
1204 3238 1210 3272 :
1234 3207 1364 3284 linceius

310 3299 323 3360 i
347 3305 395 3358 rori
423 3295 584 3378 'Opdopss'rsv
612 3297 775 3374 Kohopsimt
797 3304 830 3362 (κ
855 3311 907 3373 γῆς
930 3301 977 3362 nasi
1008 3297 1113 3364 idem
1141 3300 1193 3376 (φη
1223 3301 1258 3363 rai
1285 3301 1364 3360 arcista

308 3387 449 3462 visseins.

348 3489 392 3566 (5)
414 3485 553 3547 Plutarch.
578 3490 608 3546 in
630 3483 734 3548 Strom.
761 3489 836 3572 apud
862 3489 963 3551 Euseh.
991 3493 1090 3572 Praep.
1119 3491 1171 3551 Eu.
1198 3493 1235 3566 1,
1260 3510 1286 3572 p.
1307 3490 1363 3548 23:

309 3577 438 3652 'pirardus
465 3575 502 3638 di
525 3571 636 3641 nixam
655 3583 687 3640 s's
709 3589 773 3653 γῆς.
794 3581 932 3640 Plutarch.
956 3583 1026 3662 plac.
1050 3581 1118 3663 phil.
1143 3597 1170 3643 Ξ.
1192 3585 1262 3656 lyris
1280 3579 1364 3652 λίγα)

307 3672 431 3751 spuitur,
454 3675 491 3731 sis
516 3667 621 3752 ἔπειρον
644 3672 816 3752 ι’ρῤιζὸτθιι.
838 3669 934 3731 Galen.
954 3669 1038 3730 XXI.
1059 3674 1192 3753 Origenes
1212 3671 1230 3731 l.
1249 3676 1266 3732 l.
1283 3669 1316 3732 ui
1332 3666 1363 3728 di

308 3762 400 3825 ηἰτι
428 3761 492 3825 sim
527 3765 556 3824 ix
576 3775 639 3836 γῆς.
659 3764 852 3825 Theodoretus
871 3761 956 3822 modo
977 3762 1120 3838 laudatus,
1144 3764 1278 3838 Sabinus,
1291 3761 1363 3842 cujus

294 3858 392 3916 'veiha
412 3877 478 3917 mox
499 3875 655 3937 apponam
677 3854 905 3936 Stobaeussspra
925 3855 1070 3936 adfragm.
1092 3855 1172 3916 vlit.

348 3947 389 4024 (6)
411 3949 547 4028 Diogenes
575 3949 606 4006 L.
633 3945 700 4020 ΙΙΙ,
730 3967 765 4029 19
786 3971 793 4006 :
817 3946 884 4020 φησὶ
908 3943 945 4006 Ν
974 3945 1096 4030 sirraepss
1128 3944 1190 4008 sim
1218 3959 1268 4007 νῦν
1294 3943 1362 4006 ism

307 4039 426 4114 razda.
447 4057 516 4116 quae
536 4037 681 4118 descripsit
699 4035 854 4118 Hesychius
876 4035 938 4095 Mil.
