2870 4824
289 320 335 386 tto
732 337 926 382 unornane

289 495 350 570 cui
374 491 483 566 multi
510 491 616 564 nimis
641 490 875 582 tribuerunt,
899 491 939 560 in
962 491 1209 588 antiquiorum
1234 489 1378 588 placitis

288 599 508 700 explicandis
536 597 753 697 plerumque
781 595 981 670 Aristotelis
1008 598 1152 696 vestigia
1179 599 1377 696 sequitur,

290 723 400 809 atque
427 709 502 805 ipse
531 705 653 804 aliquo
683 704 759 778 loco
791 705 923 778 fatetur
935 757 950 792 ,
977 703 1125 778 illorum
1150 707 1281 804 scripta
1306 705 1380 778 sibi

287 817 335 890 ad
362 839 513 906 manum
537 839 611 884 non
627 812 736 886 luisse
751 809 786 884 ⁶³.
806 809 1012 908 Simplicius
1037 838 1111 884 non
1126 814 1248 884 minus
1270 815 1380 911 inge-

268 923 351 996 ·nio
374 946 485 1020 quam
510 919 693 992 doctrinae
714 943 911 1015 rerumque
933 919 1033 1016 copia
1053 918 1292 1010 admirabilis,
1310 920 1383 1018 qni

288 1027 423 1105 multos
453 1039 563 1124 atque
593 1023 733 1098 abditos
763 1025 949 1098 vetustatis
978 1025 1093 1099 fontes
1125 1026 1306 1124 indagavit
1340 1039 1381 1099 et

162 1221 167 1230 Ι
288 1135 455 1236 apernit,
478 1131 710 1230 Xenophanis
731 1131 860 1229 scripta
884 1133 1017 1230 partim
1037 1159 1075 1207 se
1098 1131 1243 1208 latuisse
1265 1133 1380 1226 dicit,

289 1241 485 1342 partimin
508 1238 718 1336 explicanda
741 1242 821 1335 ejus
838 1241 976 1313 ratione
999 1239 1230 1339 Theophrasti
1254 1253 1382 1314 aucto-

288 1351 433 1422 ritatem
447 1345 593 1420 adhibet
604 1342 640 1418 ⁶⁶.
655 1346 734 1418 Jam
757 1346 848 1444 quid
878 1359 1014 1421 ceteros
1038 1373 1235 1421 memorem
1253 1359 1381 1439 testes,

289 1469 334 1531 ut
356 1455 582 1530 Clementem
609 1453 920 1548 Alexandrinum,
949 1456 1235 1548 Theodorctum,
1260 1457 1383 1530 Euse-

289 1562 405 1655 bium,
419 1561 521 1654 alios,
537 1561 753 1634 doctissimos
764 1561 912 1658 quidem
926 1563 1128 1660 scriptores,
1142 1564 1204 1636 sed
1221 1563 1383 1636 fontium

289 1670 513 1769 antiquitatis
538 1667 825 1766 indagandorum
848 1667 1069 1768 plerumque
1096 1671 1219 1743 minus
1246 1670 1384 1742 studio-

288 1776 372 1853 sos?
394 1776 484 1874 quid
499 1773 748 1872 compilatores
774 1785 811 1846 et
826 1776 1099 1872 epitomatores,
1116 1801 1206 1875 quos
1223 1789 1357 1850 vocant
1371 1831 1382 1868 ,

288 1897 335 1958 ut
346 1882 561 1974 Stobaeum,
576 1905 708 1978 eosque
719 1905 877 1980 quorum
890 1883 1021 1981 scripta
1033 1882 1234 1976 Plutarchi,
1246 1880 1385 1956 Galeni

289 2003 329 2064 et
370 1989 535 2087 Origenis
570 1989 719 2060 nomine
758 1987 969 2060 feruntur?
1007 1989 1098 2088 quid
1133 1991 1385 2089 grammaticos

288 2095 538 2186 Eustathium,
562 2091 764 2182 Pollucem,
790 2107 949 2186 ceteros,
967 2097 1033 2193 qui
1066 2095 1220 2170 aliorum
1247 2099 1385 2194 scripta

289 2228 365 2278 non
403 2201 475 2276 acri
511 2199 699 2273 interdum
735 2199 894 2274 adhibito
930 2202 1066 2298 judicio
1097 2203 1383 2304 compilarunt?

333 2465 396 2544 (65)
416 2464 461 2526 Jo.
480 2462 627 2545 Philopon.
651 2464 681 2520 in
703 2463 823 2524 Aristot.
844 2463 879 2524 de
893 2466 987 2524 anima
1005 2465 1127 2548 (Venet.
1147 2465 1250 2550 1535.)
1271 2467 1327 2528 litt.
1348 2471 1385 2530 G.

289 2579 320 2640 p.
341 2555 371 2618 8.
390 2555 425 2615 de
441 2567 567 2615 veterum
586 2566 644 2614 tam
660 2553 900 2635 Pythagoreorum
915 2576 999 2635 quam
1015 2555 1132 2618 aliorum
1150 2557 1387 2640 philosophorum

291 2649 341 2728 qui
365 2658 431 2711 ante
452 2645 596 2712 Platonem
617 2645 732 2706 fuerunt
764 2648 910 2708 sententiis
931 2668 1095 2732 exponens,
1114 2647 1207 2710 dicit:
1240 2649 1301 2712 alre
1324 2650 1387 2735 γὴ

291 2735 330 2800 eal
360 2736 578 2819 συγγμίμματι
599 2745 650 2796 νῦν
679 2733 783 2818 αἰδᾚι
808 2735 908 2798 aoo'w
930 2736 1064 2820 πρίχυμ
1086 2739 1149 2818 sipla
1178 2740 1252 2817 e'srt,
1280 2740 1343 2804 oilae
1374 2745 1388 2804 ὅ

291 2826 467 2911 ’Λμῐοτίλης
485 2835 570 2888 πλέον
586 2852 614 2886 τι
638 2825 738 2887 varim
756 2827 883 2910 idpsum.
908 2828 1042 2906 Idemque
1067 2830 1097 2890 in
1116 2831 1258 2892 afferendo
1281 2831 1388 2892 Xeno·

291 2918 393 3002 phanis
412 2917 488 2977 dicto
505 2915 691 2998 Porphyrium
710 2929 853 2979 auctorem
871 2919 1017 2995 nominat,
1034 2930 1065 2978 ut
1075 2919 1131 3001 jam
1141 2919 1305 2982 Brandisius
1317 2944 1388 2983 mo-

292 3011 365 3072 nuit.
384 3006 459 3071 vid.
472 3007 548 3067 infra
567 3006 668 3086 fragm.
686 3005 724 3068 X.

334 3123 400 3206 (66)
423 3121 599 3206 Simplicia
622 3123 739 3182 Aristot.
759 3119 794 3182 de
810 3123 895 3184 Coelo
909 3123 960 3184 tot.
980 3145 1046 3209 ¹²7·
1065 3129 1098 3188 A.
1118 3127 1149 3186 in
1168 3127 1389 3210 interpretanda

293 3213 480 3297 Xenophanis
497 3211 634 3273 sententia
644 3210 779 3286 haerens,
793 3209 882 3272 dicit:
900 3212 989 3288 ἐγώ
1006 3215 1044 3278 Ν
1057 3219 1114 3278 τοῖς
1125 3227 1174 3277 τοῦ·
1188 3228 1273 3296 φιλο
1284 3220 1320 3294 ξέ
1327 3251 1338 3280 r
1348 3251 1361 3280 ο
1373 3253 1388 3282 o

293 3306 397 3389 ῥήμασι
419 3305 477 3365 τοῖς
502 3302 563 3384 oripi
584 3301 684 3363 ratim
704 3303 751 3363 ουίι
771 3303 887 3380 ιἰτυχᾶν
907 3303 970 3366 alst.
996 3309 1048 3368 Pro
1067 3317 1117 3368 roll
1135 3306 1274 3384 φιλοξένου
1293 3315 1389 3372 corri-

292 3395 418 3480 gendum
446 3415 505 3456 esse
532 3404 581 3454 τοῦ
610 3392 762 3474 praecipat
795 3396 954 3470 Ξενοφιίιονς
982 3409 1039 3458 tam
1063 3401 1241 3460 manifestum
1262 3414 1324 3476 est,
1353 3418 1391 3464 ut

293 3487 420 3558 nemini,
441 3487 490 3566 qui
509 3485 593 3548 verba
612 3489 674 3568 ipsa
692 3487 865 3570 inspexerit,
884 3488 916 3550 id
935 3485 1050 3548 dubium
1069 3492 1158 3570 possit
1175 3490 1287 3552 videri:
1308 3493 1391 3554 vidit

293 3577 349 3638 hoe
369 3577 424 3658 jam
444 3573 511 3634 clar.
536 3573 718 3648 Brandisius,
746 3577 765 3635 l.
783 3577 802 3637 l.
824 3597 853 3658 p.
876 3597 919 3637 12.
939 3590 1001 3637 not.
1020 3579 1073 3660 a).
1095 3580 1203 3640 Vitium
1226 3593 1320 3642 ortum
1341 3598 1391 3644 cst

294 3689 331 3730 ex
349 3671 452 3729 usitato
463 3667 618 3748 scripturae
628 3665 817 3752 compendio,
833 3687 887 3746 quo
905 3669 993 3730 multa
1009 3673 1122 3731 nomina
1139 3684 1272 3754 corrupta
1295 3687 1389 3746 sunt,

293 3757 381 3820 veluti
392 3779 445 3839 pro
454 3757 630 3839 Ἀμςοτῖληε
647 3758 789 3819 interdum
808 3755 917 3840 ἕρκος,
937 3757 1030 3838 δῆμος
1049 3782 1101 3843 pro
1119 3763 1313 3839 Δημσσθίνῃς,
1324 3764 1390 3825 leof

292 3867 347 3928 pro
372 3849 548 3930 ’ἰσοιμίτηῃ
571 3849 642 3924 ξένος
666 3869 717 3930 pro
738 3859 873 3930 Ξυοφῧν,
894 3862 923 3910 et
944 3852 1045 3913 similia
1069 3851 1157 3912 multa
1181 3855 1388 3934 reperiuntur,

294 3957 365 4016 quae
390 3937 500 3998 Bastius
529 3941 560 3998 in
586 3941 742 4000 Commeat.
773 3941 913 4022 Palaeogr.
938 3942 1086 4024 praecipue
1111 3964 1139 4026 p.
1160 3941 1220 4027 798
1239 3964 1281 4023 sq.
1302 3957 1331 4004 et
1355 3947 1389 4006 in

294 4025 386 4108 Epist.
406 4027 469 4086 crit.
492 4049 521 4109 p.
547 4029 605 4088 133
625 4029 745 4091 notavit.
