2840 4820
492 369 670 424 actionus.
721 357 724 366 “

542 589 615 656 XX.

98 801 295 876 Athenaeus
309 797 395 895 ΧΠ,
410 827 446 900 p.
467 801 550 874 526.
569 803 645 875 AB.
664 802 785 902 prodit
801 801 1032 903 Xenophanis
1048 829 1126 882 ver·

64 935 106 984 sus
130 909 258 1009 quibus
294 907 604 1008 Colophoniorum
638 910 872 1034 reprehendit
906 911 1125 1008 luxuriam,

64 1043 147 1115 qnam
171 1041 191 1088 e
215 1015 403 1116 Lydorum
428 1017 693 1092 consuetudine
719 1018 933 1112 traxissent,
960 1031 1005 1092 ut
1028 1020 1128 1122 Phy-

64 1120 179 1196 larchus
193 1147 345 1222 quoque
366 1122 503 1196 ibidem
524 1135 722 1197 memorat:
738 1125 907 1262 Καλαφίινια
923 1119 950 1196 d
961 1178 971 1214 ,
997 1154 1035 1204 ως
1060 1155 1127 1226 φησι

62 1234 206 1327 Φίλαρχας,
236 1240 290 1315 τὴν
313 1239 408 1328 ἀρχὴν
434 1231 519 1310 ὄντες
533 1235 690 1330 σκληραί’
673 1263 704 1305 εν
721 1251 787 1311 ταῖς
813 1241 970 1326 ἀγωγαῖς,
998 1239 1061 1304 έπεί
1087 1242 1127 1314 είς

62 1348 139 1435 ιριφὶρ
153 1341 313 1423 ἐξώκειλαν
328 1345 397 1436 πρὸς
419 1341 530 1419 dvorte
551 1343 648 1438 φιλίαν
663 1347 714 1410 καί
736 1351 908 1433 συμμαχίαν
928 1351 1126 1433 ποιησάμεναι,

62 1445 175 1540 scimur
204 1449 389 1540 διησκημένοι
416 1456 469 1527 τάς
499 1457 592 1541 κόμας
617 1449 720 1548 χρυσῷ
743 1459 871 1544 κόσμῳ,
901 1459 940 1528 ὡς
968 1453 1019 1518 καί
1041 1451 1128 1520 Ξενσ·
1159 1549 1161 1551 ¹

62 1563 127 1648 ptus
147 1561 239 1652 φησίν.
261 1597 312 1609 -
335 1555 407 1627 ὥτω
430 1549 458 1626 d‘
482 1557 672 1640 ἐξελύθησαν
692 1559 742 1645 διὰ
769 1566 821 1641 τὴν
850 1555 972 1656 σ’ίκαιρσν
998 1564 1126 1650 μέθην,

61 1660 104 1745 dre
114 1665 179 1740 τινὲς
190 1666 286 1731 αὐτῶν
297 1661 363 1734 ὥτε
375 1667 568 1734 αἀατελλσντα
583 1669 629 1734 τὸν
642 1665 718 1746 ἥλιον
729 1665 793 1736 οὔτε
807 1665 933 1758 depereo
946 1673 1126 1762 ἑωράκασιν,

61 1769 108 1836 κτλ.
133 1765 437 1866 Colophoniorum
467 1765 601 1842 luxum
638 1769 683 1842 ad
707 1767 858 1840 Milesios
888 1782 1128 1892 propagatum

61 1895 107 1967 per
124 1887 253 1947 ceteras
269 1874 439 1972 deinceps
458 1875 592 1964 Ionum
608 1875 770 1950 civitates
787 1877 970 1972 serpsisse,
989 1877 1129 1976 scripsit
1303 1931 1306 1938 ·

61 1977 225 2053 Clearchus
248 1982 349 2081 apud
372 1981 606 2056 Athenaeum
634 1981 790 2082 x11‚.p
811 1981 943 2074 tatu.
967 1983 1023 2056 Ita
1042 2008 1127 2083 ergo
1214 2056 1216 2061 .

61 2083 530 2186 Xenophanes..

130 2294 306 2433 ἀφροσύνας
328 2305 360 2375 δὲ
382 2312 468 2399 μαθέ
469 2333 532 2385 ντες
556 2309 721 2405 ἀνωφελέας
743 2313 826 2404 παρὰ
850 2306 985 2398 Λυδῶν,

178 2439 257 2508 oppa
287 2422 451 2508 τυραννείης
475 2407 551 2494 ἦσαν
575 2409 646 2482 ἄνευ
669 2430 814 2541 ςυγερῆς,

133 2513 223 2610 ᾔεσαν
242 2525 285 2594 είς
308 2527 412 2648 ἀγορὴν
437 2519 639 2629 παναλσνργέα
666 2509 748 2644 φάρε
773 2515 893 2608 ἔχοντες

178 2625 208 2692 ni
231 2651 323 2717 μειανς
350 2623 427 2721 >irrep
452 2627 582 2716 χίλιοι
566 2653 605 2703 ως
632 2623 757 2709 ἐπίπαν,

61 2725 76 2798 5
134 2733 285 2821 αὐχαλέοι,
312 2731 449 2828 χαίτῃσιν
478 2733 668 2825 ἀγαλλόμενα
696 2731 921 2825 εὐπρεπέεσσιν,

180 2847 319 2920 ἀσκητοῖς
341 2839 431 2931 ὀδμὴν
451 2837 578 2934 χρίμασι
605 2838 759 2928 δανόμεναι.

93 3076 136 3126 rs.
154 3079 185 3125 ι.
207 3057 378 3154 ἀφροσύνας.
396 3053 636 3128 Schneiderus
652 3055 745 3148 conj.
765 3054 951 3150 ἁβροσύνας,
973 3049 1041 3124 hoc
1061 3055 1128 3126 etsi

60 3165 225 3261 proprium
252 3165 298 3236 sit
325 3163 489 3238 mollitiei
525 3177 564 3239 et
590 3163 759 3237 luxuriae
797 3187 955 3255 nomen,
983 3163 1127 3263 gravius

60 3276 159 3344 tamen
171 3279 332 3372 ἀφροσύνη,
347 3271 445 3372 quod
467 3274 689 3346 contrarium
708 3282 762 3346 est
778 3271 993 3370 τῇσαφρασὺνῃ
1017 3281 1127 3370 atque

63 3583 115 3650 XX.
133 3591 248 3652 insanas
266 3589 397 3653 libidines
417 3593 587 3674 perniciosas
607 3616 624 3654 a
643 3593 730 3678 Lydis
751 3593 863 3670 edocti,

134 3679 197 3742 dum
217 3695 346 3764 expertes
366 3681 458 3743 adhuc
477 3695 570 3743 essent
588 3684 770 3767 importunae
786 3682 969 3767 tyrannidis,

135 3771 286 3853 prodibant
305 3773 336 3832 iu
355 3773 449 3834 forum
468 3775 619 3856 purpureis
640 3775 735 3834 amicti
756 3775 848 3856 palliis
915 3820 918 3828 .

144 3885 199 3924 non
217 3865 363 3946 pauciores
381 3885 464 3944 quam
483 3865 559 3926 mille
579 3867 695 3927 omuino
713 3865 873 3948 principes,

142 3953 238 4016 habitu
257 3957 390 4040 superbi,
407 3959 562 4041 composite
580 3959 679 4019 comtis
699 3959 823 4040 insignes
840 3956 961 4041 capillis,

143 4047 273 4128 exquisiti
292 4046 388 4110 odoris
407 4050 561 4134 unguentis
581 4047 710 4112 delibuti.
