2966 4824
557 339 799 394 fflwwrms.
1162 327 1225 392 too
1264 359 1266 364 ·

144 508 283 610 quippe
317 506 415 610 quod
455 505 591 594 nemini
624 511 691 586 nisi
719 513 875 586 Deorum
907 509 1021 586 ductu
1052 534 1095 584 eo
1122 509 1225 586 limat

143 631 347 729 pervenire.
379 630 519 733 Templi
538 647 653 709 custos
674 647 729 708 est
745 631 889 706 lustitia
901 687 912 726 ,
926 657 1038 732 quam
1058 631 1128 739 nisi
1142 633 1222 732 pla·
1343 621 1352 642 ⁶

143 750 300 845 caveris,
320 745 383 828 ¹ad
419 753 584 830 divinum
617 749 837 832 consortium
869 753 1009 829 admitti
1041 781 1223 858 nequeas:

143 895 230 972 ergo
254 871 503 974 philosophum
533 891 671 977 oportet
701 901 776 951 esse
803 891 967 952 sanctum
998 889 1036 950 et
1065 877 1223 977 justum,
1264 860 1269 874 ⁸

142 1017 214 1065 nec
235 989 321 1068 sine'
335 995 503 1096 religione
524 997 645 1072 stlido
665 997 738 1072 ullo
757 1013 810 1074 est
830 999 1014 1098 sapientia.
1045 1003 1103 1074 Sic
1116 1002 1224 1074 etiam

142 1113 378 1214 Empedocles
388 1117 545 1209 ,Musam
557 1119 743 1213 invoosns,
757 1121 927 1220 pietatem
941 1119 987 1194 ab
997 1147 1038 1196 ea
1055 1135 1225 1222 precatur

142 1231 268 1310 dicens
290 1262 343 1314 vs.
370 1237 462 1333 343:

245 1357 368 1456 Πέμπε
389 1364 468 1460 παρ’
491 1361 678 1458 εὐσεβὶης
701 1359 836 1442 immo*
859 1361 974 1454 εὐήνιον
997 1361 1102 1468 ἕρμα.

142 1479 312 1582 Denique
344 1483 505 1582 geminae
536 1485 637 1578 viae,
673 1483 781 1559 altera
813 1483 923 1578 lucis,
956 1486 1065 1562 altera
1088 1490 1225 1582 noctis,

141 1601 340 1701 significent
359 1603 433 1680 dno
456 1606 667 1708 cognitionis
687 1631 816 1706 genera
828 1659 844 1694 ,
866 1607 1051 1686 veritatem
1078 1625 1116 1684 et
1140 1612 1238 1712 opi·

141 1724 310 1818 nionsm,
347 1751 506 1826 quarum
532 1727 590 1802 illa
620 1741 786 1819 aeterna,
819 1727 908 1804 haec
937 1731 1103 1808 mortalis
1122 1759 1222 1806 com-

141 1845 324 1944 plectitur.
381 1849 549 1940 Quarum
574 1849 755 1922 rationum
776 1863 972 1950 unamque
993 1851 1223 1930 Parmenides

140 1967 183 2040 in
206 1969 364 2044 cumino
387 1969 576 2067 separatim
599 1969 840 2070 persequitur.

190 2087 259 2164 Hic
290 2103 344 2166 est
380 2115 505 2166 sensus
525 2089 636 2190 hujus
656 2089 860 2191 allegoriae,
885 2117 982 2194 qnae
1000 2117 1222 2194 quamquam

141 2235 274 2310 pamm
291 2211 412 2288 limata
432 2210 569 2306 verbis,
593 2225 716 2288 tomen
731 2211 895 2313 inaginis
909 2211 1083 2313 elegantia
1101 2213 1224 2313 etdig·

140 2333 255 2408 nitate
272 2331 429 2428 excolit,
453 2345 564 2434 atque
580 2331 722 2432 egregie
744 2329 896 2406 ostendit
918 2331 1075 2408 indolem
1093 2337 1222 2412 veter'm

140 2451 403 2553 philosophiae,
424 2477 521 2554 qnae
551 2477 629 2528 non
654 2453 779 2530 minus
799 2477 910 2555 quam
927 2457 1040 2554 poesis
1062 2482 1148 2532 cum
1170 2455 1223 2534 ir·
1291 2521 1294 2534 .

140 2571 336 2675 θωσιασμῷ
358 2589 435 2651 erat
452 2571 654 2674 conjuncta.
696 2575 808 2652 Docet
823 2575 895 2652 hoc
909 2591 947 2651 et
960 2575 1091 2656 illustri
1105 2603 1223 2658 exom-

135 2695 201 2798 plo
226 2697 379 2775 ostendit
397 2695 498 2773 Plato
520 2697 561 2770 in
584 2695 778 2772 Phaedro⁴
792 2749 804 2790 ,
818 2695 883 2772 ubi
902 2695 1142 2799 philosophiae
1156 2702 1223 2777 ori

139 2821 262 2920 ginem
282 2820 475 2922 indagans,
489 2819 592 2920 fingit
606 2815 793 2898 hominum
814 2818 970 2913 ouimos,
992 2821 1094 2920 prius
1110 2847 1223 2924 quam

139 2942 182 3014 iu
203 2952 316 3017 terres
335 2939 470 3040 delapsi
491 2951 529 3016 et
558 2940 597 3014 iu
627 2935 729 3014 hunc
750 2939 869 3016 veluti
888 2965 1068 3048 carcerem
1086 2941 1223 3021 detrusi

139 3077 280 3157 essent,
313 3064 353 3136 in
376 3061 473 3137 coelo
497 3059 651 3162 degisse,
683 3072 721 3134 et
746 3057 797 3134 iti
821 3059 940 3138 beatm
962 3063 1001 3134 in
1031 3063 1222 3142 beatorum

140 3183 249 3260 choro
268 3209 376 3262 verae
394 3195 566 3282 spectasse
588 3179 841 3284 pulcritudinis
858 3183 1041 3281 exemplo,
1063 3209 1222 3286 quorum

140 3305 182 3380 in
207 3308 311 3382 terris
331 3332 406 3382 non
428 3304 500 3380 nisi
527 3299 675 3379 umbras
698 3301 909 3397 cernamus3
932 3329 978 3377 ex
1003 3306 1107 3404 cujus
1129 3307 1222 3382 vitae

140 3429 384 3505 recordatione
401 3426 608 3504 remansisse
631 3424 670 3498 in
689 3424 816 3500 animis
831 3424 1002 3526 quasdam
1016 3425 1223 3504 divinarum

139 3575 267 3626 rerum
287 3553 390 3651 quasi
413 3547 601 3640 scintillas,
619 3571 714 3647 quae
735 3547 927 3646 sapientise
948 3545 1111 3620 ardorem
1133 3551 1224 3632 etoi-

140 3687 237 3764 tent,
274 3669 511 3772 hominesque
539 3669 645 3762 illuc,
680 3667 780 3743 unde
809 3669 878 3742 orti
900 3669 995 3761 sint,
1016 3667 1122 3744 evehi
1148 3675 1237 3746 im-·

139 3793 287 3895 pellant.
349 3793 526 3870 Platonica
559 3791 647 3866 haec
678 3791 798 3890 imago
825 3793 854 3865 si
882 3817 967 3867 cum
990 3791 1222 3866 Parmenidea

80 3907 83 3918 ’
139 3929 392 4016 comparetur,
418 3927 648 4030 ¹quamquam
687 3910 844 4027 dissimili
871 3928 924 3990 est
946 3929 1156 4015 argumento
1188 3931 1225 3992 ct
1374 3906 1382 3917 ⁴

174 4083 215 4152 (l)
231 4083 306 4138 Plato
327 4084 435 4139 Phaedr.
458 4103 485 4155 p.
508 4083 556 4148 sto
577 4101 633 4155 rqq.
