2966 4824
548 415 791 464 remotorum.
1144 405 1205 468 199

128 582 298 658 finxerint
323 597 467 678 prorsus
484 583 734 680 incongruam
757 583 934 684 siquidem
954 587 1031 662 telis
1053 587 1112 662 ills
1134 615 1209 665 esse

44 801 47 811 ῃ
128 703 277 796 debeat,
310 728 404 804 quse
435 717 508 778 tem
545 705 706 778 motionis
739 732 850 808 quarn
877 710 1007 809 quietis
1035 712 1208 811 particeps

129 827 175 900 sit
195 835 277 900 ¹³⁰.
327 824 493 900 lucidisse
507 840 630 901 antem
652 852 710 902 eos
730 829 768 901 in
790 827 891 903 hunc
908 856 1064 904 errorem
1081 834 1211 907 mentis

127 945 285 1047 quodam
308 947 545 1022 imbecillitate
567 947 689 1048 (rio-rep
715 947 909 1040 ἡττηθέντας
931 955 993 1028 irrb
1010 960 1133 1042 wirne
1152 957 1210 1043 τῆς

129 1066 324 1166 ζητήσεως),
338 1067 436 1168 qnod
458 1066 621 1144 videlieet
636 1097 794 1146 caussam
805 1087 842 1146 et
852 1076 1070 1174 principium
1085 1077 1211 1149 motio·

128 1193 186 1266 nis
205 1217 246 1264 ac
266 1193 500 1292 generationis
519 1193 675 1290 reperire
695 1217 767 1266 non
790 1209 944 1294 possent:
971 1221 1147 1298 nemque,
1167 1212 1212 1269 nt

129 1312 231 1406 dicit,
253 1314 295 1390 ri
316 1317 377 1411 pir
399 1307 453 1390 οὖν
475 1309 590 1388 τοῖντο
611 1312 752 1410 ἠρεμεῖν,
776 1318 834 1391 κον)
851 1323 970 1392 τούτου
989 1319 1094 1413 ζητεῖν
1112 1318 1211 1417 λάρον

129 1435 279 1530 νὀφέντος
310 1439 366 1528 τὴν
395 1416 568 1528 dicineo,
600 1435 765 1533 dp'p‘orrirr
794 1440 843 1520 τῖς
871 1436 944 1514 ἔστι
974 1437 1113 1522 derisores
1130 1450 1212 1535 ¹³¹3

128 1570 258 1656 putere
279 1571 408 1632 cuncto
435 1559 631 1658 quiescere,
651 1571 687 1630 et
708 1557 818 1658 hujus
835 1559 887 1633 rei
909 1561 1084 1636 rationem
1101 1589 1211 1663 qnae·

129 1703 226 1770 rere,
246 1680 375 1754 mentis
391 1679 611 1752 imbecillitas
625 1691 689 1754 est.
740 1679 794 1754 Ite
807 1679 944 1755 fretum
959 1707 1048 1776 esse,
1064 1699 1109 1758 ut
1121 1684 1214 1758 Par-

129 1799 289 1874 menides
313 1800 431 1900 etqui
452 1823 538 1872 eum
561 1801 675 1872 secuti
697 1813 802 1891 sunt,
819 1800 1088 1900 adspectabilem
1104 1829 1213 1878 mun·

128 1921 219 2021 dum
231 1923 333 2023 quusi
348 1920 582 1994 transsilirent
591 1935 644 2012 et,
658 1921 782 2020 spretis
793 1920 970 2014 sensibus,
983 1923 1028 1996 ad
1040 1927 1212 1998 rationem

128 2057 259 2117 cuncte
280 2043 471 2118 referrent:
494 2041 697 2141 ὑπερβάντες
714 2045 769 2134 rip
789 2041 936 2132 ον’ῖοθνρονν
954 2045 1011 2119 κο)
1026 2043 1213 2142 παριδόντες

128 2167 246 2258 νεῖτῖρν,
279 2169 320 2247 ὥς
345 2165 394 2264 τῷ
418 2165 510 2268 λόγῳ
535 2163 605 2242 δέον
632 2163 838 2258 ἀκολουθεῖν,
864 2161 942 2241 eloai
966 2172 1054 2262 Φοντν
1080 2169 1119 2242 ri
1143 2171 1213 2246 τοῖν

125 2291 161 2365 ἓν
188 2291 245 2364 sat
265 2289 412 2379 ἀνόνητον
431 2329 478 2346 ·-·-
501 2299 578 2365 ¹³².
627 2288 766 2364 Ieudnt
791 2287 938 2389 quidem
962 2288 1213 2364 Parmenidem

128 2439 191 2508 eo,
211 2411 310 2514 quod
330 2411 460 2488 viderit
482 2435 555 2486 esse
579 2412 724 2484 firmum
744 2409 915 2510 quiddam
938 2423 975 2483 et
992 2409 1131 2504 stabile,
1150 2411 1212 2486 sed

126 2537 167 2610 in
198 2535 266 2612 boc
295 2537 493 2632 vituperet,
521 2531 617 2634 quod
648 2530 739 2604 illud
767 2528 812 2602 ed
840 2545 1009 2606 naturam
1031 2533 1211 2628 retulerit,

127 2655 295 2756 opinatus
307 2653 488 2746 videlicet,
503 2651 661 2751 ejusdem
678 2675 753 2724 esse
771 2649 975 2750 disciplinae
991 2653 1037 2728 de
1053 2655 1213 2732 universi

126 2789 259 2850 notura
276 2775 373 2850 etde
393 2789 476 2848 ente
494 2797 667 2876 quaerere
683 2783 760 2865 1'³³3
777 2799 872 2874 quse
887 2773 1091 2874 disciplinae
1106 2778 1213 2876 plene

128 2900 200 2972 sint
229 2900 324 2972 inter
346 2923 383 2971 se
413 2895 582 2972 diversae.
633 2893 806 2996 Physicen
834 2896 931 2968 enim
960 2921 1035 2970 esse
1065 2898 1213 2997 quidem

128 3017 372 3116 disciplinam,
405 3041 500 3117 quae
527 3017 663 3088 circum
694 3016 789 3090 entia
819 3031 1003 3110 versatur,
1030 3043 1103 3090 non
1128 3044 1214 3094 vero
1264 3081 1275 3104 ,

128 3141 331 3239 principem
352 3139 637 3238 disciplinarum,
659 3163 770 3236 quam
792 3135 852 3210 ille
872 3137 1081 3237 theologiam
1095 3153 1214 3230 vocnt,

129 3285 225 3360 quae
253 3288 318 3336 ens
340 3261 460 3362 ipsum
486 3285 551 3360 per
572 3285 610 3332 se
634 3256 850 3332 considerat:
879 3282 970 3355 ques
991 3252 1111 3332 ambas
1136 3259 1212 3332 illos

131 3405 204 3455 non
224 3382 482 3484 distinguentes
503 3384 542 3454 in
562 3405 649 3456 eum
671 3403 828 3452 errorem
850 3376 1028 3472 incidisse,
1051 3391 1095 3452 ut
1116 3379 1211 3481 phy-

162 3573 238 3644 (130)
270 3576 335 3629 lbid
355 3577 387 3640 V,
407 3592 429 3627 r.
446 3593 473 3646 p.
495 3577 553 3646 690.

163 3663 238 3733 (131)
271 3663 347 3735 Phys.
364 3667 446 3734 vm,
464 3667 487 3720 3.
500 3683 525 3737 ρ.
545 3665 590 3719 δον
609 3665 640 3716 Η.

163 3754 240 3823 (132)
271 3755 310 3808 De
327 3757 418 3809 Gener.
435 3763 462 3810 et
478 3754 602 3826 corrupt.
621 3755 651 3818 Ι,
670 3757 693 3809 u
709 3771 737 3825 p.
753 3751 802 3824 ³95
820 3753 853 3806 Η.

167 3842 242 3915 (13³)
276 3841 1223 3916 ldElatieorproecipuespectentqneedicitbletepb.111,3.p.667D:

134 3935 194 3988 sno
216 3941 289 3998 ente,
310 3935 409 4006 inquit,
431 3941 584 3988 ceterorum
597 3935 788 4004 disciplinarum
807 3943 927 3988 unctores
947 3951 999 3988 non
1011 3941 1156 4003 pserunt,
1168 3933 1216 3984 niri

136 4027 314 4089 τόνφυσννὸν
333 4025 424 4090 ieros,
437 4029 549 4086 εἰκότως
563 4029 649 4077 τοῦτο
670 4027 801 4094 δρῶντες·
823 4030 900 4092 μόνον
919 4029 970 4096 γὰρ
993 4024 1078 4094 ᾤοντο
1098 4031 1163 4097 rtrpi
1184 4045 1215 4077 rr

136 4127 181 4186 τῆς
199 4121 264 4188 ὅλης
282 4119 386 4184 φύσεως
404 4129 518 4174 σκοπεῖν
534 4123 581 4172 καὶ
600 4122 666 4188 περὶ
687 4123 737 4172 νοῦ
758 4120 845 4180 ὄντος.
