<?xml version="1.0" encoding="UTF-8"?>
<!DOCTYPE html PUBLIC "-//W3C//DTD XHTML 1.0 Transitional//EN"
    "http://www.w3.org/TR/xhtml1/DTD/xhtml1-transitional.dtd">
<html xmlns="http://www.w3.org/1999/xhtml" xml:lang="en" lang="en">
 <head>
  <title>
</title>
<meta http-equiv="Content-Type" content="text/html;charset=utf-8" />
  <meta name='ocr-system' content='tesseract 3.04.00' />
  <meta name='ocr-capabilities' content='ocr_page ocr_carea ocr_par ocr_line ocrx_word'/>
</head>
<body>
  <div class='ocr_page' id='page_1' title='image "./philosophorumgr01xenogoog_0204.png"; bbox 0 0 2924 4820; ppageno 0'>
   <div class='ocr_carea' id='block_1_1' title="bbox 302 312 963 378">
    <p class='ocr_par' dir='ltr' id='par_1_1' title="bbox 302 312 963 378">
     <span class='ocr_line' id='line_1_1' title="bbox 302 312 963 378; baseline -0.009 0"><span class='ocrx_word' id='word_1_1' title='bbox 302 312 367 378; x_wconf 83' lang='grc'>168</span> <span class='ocrx_word' id='word_1_2' title='bbox 708 333 747 374; x_wconf 83' lang='lat' dir='ltr'>ua</span> <span class='ocrx_word' id='word_1_3' title='bbox 770 329 963 374; x_wconf 80' lang='lat' dir='ltr'>xarorrmus</span> 
     </span>
    </p>
   </div>
   <div class='ocr_carea' id='block_1_2' title="bbox 289 481 1378 1854">
    <p class='ocr_par' dir='ltr' id='par_1_2' title="bbox 289 481 1378 1618">
     <span class='ocr_line' id='line_1_2' title="bbox 298 481 1377 583; baseline -0.004 -27"><span class='ocrx_word' id='word_1_4' title='bbox 298 485 457 583; x_wconf 80' lang='lat' dir='ltr'>regiones</span> <span class='ocrx_word' id='word_1_5' title='bbox 484 493 522 556; x_wconf 84' lang='lat' dir='ltr'>et</span> <span class='ocrx_word' id='word_1_6' title='bbox 547 481 637 556; x_wconf 89' lang='lat' dir='ltr'>coeli</span> <span class='ocrx_word' id='word_1_7' title='bbox 673 493 807 553; x_wconf 86' lang='lat' dir='ltr'>tractus</span> <span class='ocrx_word' id='word_1_8' title='bbox 830 481 1015 578; x_wconf 83' lang='lat' dir='ltr'>variasque</span> <span class='ocrx_word' id='word_1_9' title='bbox 1048 491 1304 577; x_wconf 84' lang='lat' dir='ltr'>tempestates,</span> <span class='ocrx_word' id='word_1_10' title='bbox 1332 493 1377 553; x_wconf 89' lang='lat' dir='ltr'>ut</span> 
     </span>
     <span class='ocr_line' id='line_1_3' title="bbox 297 584 1378 678; baseline -0.004 -16"><span class='ocrx_word' id='word_1_11' title='bbox 297 597 382 662; x_wconf 76' lang='lat' dir='ltr'>solos</span> <span class='ocrx_word' id='word_1_12' title='bbox 412 596 537 662; x_wconf 78' lang='lat' dir='ltr'>aestivi</span> <span class='ocrx_word' id='word_1_13' title='bbox 567 589 767 659; x_wconf 71' lang='lat' dir='ltr'>ettiloni</span> <span class='ocrx_word' id='word_1_14' title='bbox 786 585 958 658; x_wconf 89' lang='lat' dir='ltr'>dicuntur</span> <span class='ocrx_word' id='word_1_15' title='bbox 977 584 1124 678; x_wconf 81' lang='lat' dir='ltr'>3eadem</span> <span class='ocrx_word' id='word_1_16' title='bbox 1138 586 1245 658; x_wconf 90' lang='lat' dir='ltr'>dictio</span> <span class='ocrx_word' id='word_1_17' title='bbox 1257 584 1378 658; x_wconf 88' lang='lat' dir='ltr'>Grae-</span> 
     </span>
     <span class='ocr_line' id='line_1_4' title="bbox 290 689 1377 790; baseline -0.002 -24"><span class='ocrx_word' id='word_1_18' title='bbox 290 689 368 786; x_wconf 88' lang='lat' dir='ltr'>cis,</span> <span class='ocrx_word' id='word_1_19' title='bbox 396 694 480 768; x_wconf 86' lang='lat' dir='ltr'>licet</span> <span class='ocrx_word' id='word_1_20' title='bbox 504 695 624 766; x_wconf 87' lang='lat' dir='ltr'>minus</span> <span class='ocrx_word' id='word_1_21' title='bbox 649 692 875 788; x_wconf 87' lang='lat' dir='ltr'>lrequeutata</span> <span class='ocrx_word' id='word_1_22' title='bbox 887 745 901 778; x_wconf 88' lang='lat'><em>,</em></span> <span class='ocrx_word' id='word_1_23' title='bbox 926 691 1024 764; x_wconf 87' lang='lat' dir='ltr'>haud</span> <span class='ocrx_word' id='word_1_24' title='bbox 1051 703 1171 765; x_wconf 82' lang='lat' dir='ltr'>tamen</span> <span class='ocrx_word' id='word_1_25' title='bbox 1195 693 1377 790; x_wconf 84' lang='lat' dir='ltr'>incognita</span> 
     </span>
     <span class='ocr_line' id='line_1_5' title="bbox 294 797 1376 899; baseline -0.003 -27"><span class='ocrx_word' id='word_1_26' title='bbox 294 800 367 874; x_wconf 89' lang='lat' dir='ltr'>fuit</span> <span class='ocrx_word' id='word_1_27' title='bbox 383 799 418 871; x_wconf 84' lang='lat'>⁶¹.</span> <span class='ocrx_word' id='word_1_28' title='bbox 452 802 579 899; x_wconf 89' lang='lat' dir='ltr'>Itaque</span> <span class='ocrx_word' id='word_1_29' title='bbox 609 799 676 870; x_wconf 92' lang='lat' dir='ltr'>hoc</span> <span class='ocrx_word' id='word_1_30' title='bbox 697 797 889 895; x_wconf 89' lang='lat' dir='ltr'>placitum,</span> <span class='ocrx_word' id='word_1_31' title='bbox 918 797 1058 868; x_wconf 87' lang='lat' dir='ltr'>infinita</span> <span class='ocrx_word' id='word_1_32' title='bbox 1091 823 1164 870; x_wconf 89' lang='lat' dir='ltr'>esse</span> <span class='ocrx_word' id='word_1_33' title='bbox 1179 797 1292 870; x_wconf 89' lang='lat' dir='ltr'>sidera</span> <span class='ocrx_word' id='word_1_34' title='bbox 1317 823 1376 869; x_wconf 89' lang='lat' dir='ltr'>so-</span> 
     </span>
     <span class='ocr_line' id='line_1_6' title="bbox 293 901 1378 1004; baseline -0.006 -22"><span class='ocrx_word' id='word_1_35' title='bbox 293 909 419 1004; x_wconf 89' lang='lat' dir='ltr'>lesque</span> <span class='ocrx_word' id='word_1_36' title='bbox 456 907 631 996; x_wconf 89' lang='lat' dir='ltr'>infinitos,</span> <span class='ocrx_word' id='word_1_37' title='bbox 667 905 852 1002; x_wconf 83' lang='lat' dir='ltr'>geminum</span> <span class='ocrx_word' id='word_1_38' title='bbox 879 915 931 976; x_wconf 87' lang='lat' dir='ltr'>est</span> <span class='ocrx_word' id='word_1_39' title='bbox 960 901 1063 973; x_wconf 90' lang='lat' dir='ltr'>alteri</span> <span class='ocrx_word' id='word_1_40' title='bbox 1091 902 1244 1000; x_wconf 87' lang='lat' dir='ltr'>placito,</span> <span class='ocrx_word' id='word_1_41' title='bbox 1277 904 1378 1000; x_wconf 93' lang='lat' dir='ltr'>quod</span> 
     </span>
     <span class='ocr_line' id='line_1_7' title="bbox 293 1011 1374 1107; baseline -0.006 -20"><span class='ocrx_word' id='word_1_42' title='bbox 293 1015 399 1087; x_wconf 91' lang='lat' dir='ltr'>modo</span> <span class='ocrx_word' id='word_1_43' title='bbox 428 1014 607 1100; x_wconf 86' lang='lat' dir='ltr'>vidimus,</span> <span class='ocrx_word' id='word_1_44' title='bbox 637 1011 747 1084; x_wconf 88' lang='lat' dir='ltr'>solem</span> <span class='ocrx_word' id='word_1_45' title='bbox 776 1025 813 1084; x_wconf 90' lang='lat' dir='ltr'>et</span> <span class='ocrx_word' id='word_1_46' title='bbox 851 1011 965 1082; x_wconf 88' lang='lat' dir='ltr'>sidera</span> <span class='ocrx_word' id='word_1_47' title='bbox 995 1011 1154 1107; x_wconf 83' lang='lat' dir='ltr'><strong>quotidie</strong></span> <span class='ocrx_word' id='word_1_48' title='bbox 1183 1011 1374 1100; x_wconf 88' lang='lat' dir='ltr'>renovari,</span> 
     </span>
     <span class='ocr_line' id='line_1_8' title="bbox 293 1117 1376 1218; baseline -0.006 -24"><span class='ocrx_word' id='word_1_49' title='bbox 293 1123 384 1211; x_wconf 86' lang='lat' dir='ltr'>sive,</span> <span class='ocrx_word' id='word_1_50' title='bbox 416 1133 459 1192; x_wconf 91' lang='lat' dir='ltr'>ut</span> <span class='ocrx_word' id='word_1_51' title='bbox 482 1121 527 1192; x_wconf 91' lang='lat' dir='ltr'>ab</span> <span class='ocrx_word' id='word_1_52' title='bbox 552 1121 704 1218; x_wconf 82' lang='lat' dir='ltr'>Origene</span> <span class='ocrx_word' id='word_1_53' title='bbox 729 1118 754 1189; x_wconf 94' lang='lat' dir='ltr'>l.</span> <span class='ocrx_word' id='word_1_54' title='bbox 780 1117 805 1189; x_wconf 94' lang='lat' dir='ltr'>l.</span> <span class='ocrx_word' id='word_1_55' title='bbox 830 1117 985 1190; x_wconf 87' lang='lat' dir='ltr'>relatum</span> <span class='ocrx_word' id='word_1_56' title='bbox 1011 1129 1080 1206; x_wconf 88' lang='lat' dir='ltr'>est,</span> <span class='ocrx_word' id='word_1_57' title='bbox 1105 1124 1149 1187; x_wconf 73' lang='lat' dir='ltr'>ria</span> <span class='ocrx_word' id='word_1_58' title='bbox 1165 1118 1242 1198; x_wconf 77' lang='grc' dir='ltr'><em>ἥλιον</em></span> <span class='ocrx_word' id='word_1_59' title='bbox 1268 1124 1300 1186; x_wconf 78' lang='grc' dir='ltr'>ἐκ</span> <span class='ocrx_word' id='word_1_60' title='bbox 1324 1147 1376 1210; x_wconf 81' lang='grc' dir='ltr'>μι-</span> 
     </span>
     <span class='ocr_line' id='line_1_9' title="bbox 293 1219 1373 1324; baseline -0.003 -27"><span class='ocrx_word' id='word_1_61' title='bbox 293 1243 370 1324; x_wconf 71' lang='grc' dir='ltr'><em>κρῶν</em></span> <span class='ocrx_word' id='word_1_62' title='bbox 395 1229 528 1323; x_wconf 80' lang='grc' dir='ltr'><em>πυριδίων</em></span> <span class='ocrx_word' id='word_1_63' title='bbox 560 1233 770 1323; x_wconf 65' lang='grc' dir='ltr'><em>ἀθροιζομένων</em></span> <span class='ocrx_word' id='word_1_64' title='bbox 804 1231 959 1320; x_wconf 63' lang='grc' dir='ltr'><em>γίγνεσθαι</em></span> <span class='ocrx_word' id='word_1_65' title='bbox 992 1219 1068 1292; x_wconf 62' lang='grc' dir='ltr'>καθ’</span> <span class='ocrx_word' id='word_1_66' title='bbox 1107 1231 1216 1307; x_wconf 82' lang='grc' dir='ltr'><em>ἑκάςην</em></span> <span class='ocrx_word' id='word_1_67' title='bbox 1248 1233 1373 1319; x_wconf 73' lang='grc' dir='ltr'><em>ἡμέραν.</em></span> 
     </span>
     <span class='ocr_line' id='line_1_10' title="bbox 293 1328 1366 1430; baseline -0.002 -28"><span class='ocrx_word' id='word_1_68' title='bbox 293 1331 464 1405; x_wconf 75' lang='lat' dir='ltr'>Heracliti</span> <span class='ocrx_word' id='word_1_69' title='bbox 489 1357 635 1430; x_wconf 89' lang='lat' dir='ltr'>quoque</span> <span class='ocrx_word' id='word_1_70' title='bbox 650 1333 788 1403; x_wconf 90' lang='lat' dir='ltr'>dictum</span> <span class='ocrx_word' id='word_1_71' title='bbox 802 1342 1022 1402; x_wconf 86' lang='lat' dir='ltr'>memoratur</span> <span class='ocrx_word' id='word_1_72' title='bbox 1042 1328 1086 1400; x_wconf 90' lang='lat' dir='ltr'>ab</span> <span class='ocrx_word' id='word_1_73' title='bbox 1105 1328 1294 1400; x_wconf 76' lang='lat' dir='ltr'>Aristotele</span> <span class='ocrx_word' id='word_1_74' title='bbox 1317 1329 1366 1400; x_wconf 78' lang='lat'>⁶²:</span> 
     </span>
     <span class='ocr_line' id='line_1_11' title="bbox 289 1430 1377 1536; baseline -0.002 -28"><span class='ocrx_word' id='word_1_75' title='bbox 289 1441 310 1508; x_wconf 78' lang='grc' dir='ltr'>’ὁ</span> <span class='ocrx_word' id='word_1_76' title='bbox 337 1438 435 1526; x_wconf 67' lang='lat' dir='ltr'>lior,</span> <span class='ocrx_word' id='word_1_77' title='bbox 462 1439 599 1536; x_wconf 89' lang='lat' dir='ltr'>inquit,</span> <span class='ocrx_word' id='word_1_78' title='bbox 632 1448 689 1516; x_wconf 76' lang='grc' dir='ltr'><em>νέος</em></span> <span class='ocrx_word' id='word_1_79' title='bbox 715 1430 758 1534; x_wconf 77' lang='grc' dir='ltr'>ἐφ’</span> <span class='ocrx_word' id='word_1_80' title='bbox 784 1445 890 1533; x_wconf 74' lang='grc' dir='ltr'><strong>ἡμέρῃ,</strong></span> <span class='ocrx_word' id='word_1_81' title='bbox 916 1437 1012 1535; x_wconf 92' lang='lat' dir='ltr'>quod</span> <span class='ocrx_word' id='word_1_82' title='bbox 1037 1433 1263 1532; x_wconf 85' lang='lat' dir='ltr'>Xenophanis</span> <span class='ocrx_word' id='word_1_83' title='bbox 1289 1461 1377 1508; x_wconf 89' lang='lat' dir='ltr'>sen-</span> 
     </span>
     <span class='ocr_line' id='line_1_12' title="bbox 295 1541 858 1618; baseline 0 -5"><span class='ocrx_word' id='word_1_84' title='bbox 295 1548 429 1615; x_wconf 86' lang='lat' dir='ltr'>tentiae</span> <span class='ocrx_word' id='word_1_85' title='bbox 456 1544 598 1618; x_wconf 87' lang='lat' dir='ltr'>videtur</span> <span class='ocrx_word' id='word_1_86' title='bbox 623 1541 858 1614; x_wconf 90' lang='lat' dir='ltr'>simillimum.</span> 
     </span>
    </p>

    <p class='ocr_par' dir='ltr' id='par_1_3' title="bbox 293 1645 1378 1854">
     <span class='ocr_line' id='line_1_13' title="bbox 341 1645 1374 1744; baseline 0.001 -26"><span class='ocrx_word' id='word_1_87' title='bbox 341 1649 395 1720; x_wconf 87' lang='lat' dir='ltr'>De</span> <span class='ocrx_word' id='word_1_88' title='bbox 419 1647 499 1722; x_wconf 90' lang='lat' dir='ltr'>solis</span> <span class='ocrx_word' id='word_1_89' title='bbox 531 1661 654 1721; x_wconf 89' lang='lat' dir='ltr'>autem</span> <span class='ocrx_word' id='word_1_90' title='bbox 690 1649 890 1722; x_wconf 85' lang='lat' dir='ltr'>defectione</span> <span class='ocrx_word' id='word_1_91' title='bbox 928 1645 1138 1744; x_wconf 85' lang='lat' dir='ltr'>explicanda</span> <span class='ocrx_word' id='word_1_92' title='bbox 1164 1658 1248 1718; x_wconf 89' lang='lat' dir='ltr'>sunt</span> <span class='ocrx_word' id='word_1_93' title='bbox 1275 1669 1374 1743; x_wconf 80' lang='lat' dir='ltr'>quae</span> 
     </span>
     <span class='ocr_line' id='line_1_14' title="bbox 293 1753 1378 1854; baseline -0.001 -29"><span class='ocrx_word' id='word_1_94' title='bbox 293 1754 489 1828; x_wconf 88' lang='lat' dir='ltr'>aStobaeo</span> <span class='ocrx_word' id='word_1_95' title='bbox 517 1753 663 1854; x_wconf 88' lang='lat' dir='ltr'>aliisque</span> <span class='ocrx_word' id='word_1_96' title='bbox 686 1753 945 1853; x_wconf 78' lang='lat' dir='ltr'>interpretibus</span> <span class='ocrx_word' id='word_1_97' title='bbox 972 1754 1214 1826; x_wconf 88' lang='lat' dir='ltr'>referuntur:</span> <span class='ocrx_word' id='word_1_98' title='bbox 1241 1761 1319 1822; x_wconf 77' lang='grc' dir='ltr'><strong><em>κατὰ</em></strong></span> <span class='ocrx_word' id='word_1_99' title='bbox 1344 1757 1378 1824; x_wconf 80' lang='grc' dir='ltr'>δέ</span> 
     </span>
    </p>
   </div>
   <div class='ocr_carea' id='block_1_3' title="bbox 286 1963 1377 3346">
    <p class='ocr_par' dir='ltr' id='par_1_4' title="bbox 286 1963 1377 3346">
     <span class='ocr_line' id='line_1_15' title="bbox 291 1963 1376 2066; baseline 0.002 -31"><span class='ocrx_word' id='word_1_100' title='bbox 291 1973 436 2058; x_wconf 79' lang='grc' dir='ltr'><em>οἶκνμένην</em></span> <span class='ocrx_word' id='word_1_101' title='bbox 465 1963 511 2066; x_wconf 69' lang='grc' dir='ltr'>ὑφ’</span> <span class='ocrx_word' id='word_1_102' title='bbox 533 1981 634 2060; x_wconf 83' lang='grc' dir='ltr'><em>ἡμῶν,</em></span> <span class='ocrx_word' id='word_1_103' title='bbox 661 1973 711 2036; x_wconf 80' lang='grc' dir='ltr'>καὶ</span> <span class='ocrx_word' id='word_1_104' title='bbox 735 1967 821 2045; x_wconf 68' lang='grc' dir='ltr'><em>οὕτως</em></span> <span class='ocrx_word' id='word_1_105' title='bbox 844 1973 966 2066; x_wconf 65' lang='lat' dir='ltr'>accepti</span> <span class='ocrx_word' id='word_1_106' title='bbox 985 1969 1216 2058; x_wconf 79' lang='grc' dir='ltr'><em>κενεμβατοῦντα</em></span> <span class='ocrx_word' id='word_1_107' title='bbox 1240 1966 1376 2060; x_wconf 71' lang='grc' dir='ltr'><em>ἔκλειψιν</em></span> 
     </span>
     <span class='ocr_line' id='line_1_16' title="bbox 291 2072 1376 2170; baseline 0.002 -28"><span class='ocrx_word' id='word_1_108' title='bbox 291 2079 462 2169; x_wconf 72' lang='grc' dir='ltr'><em>ὑποφαινειν.</em></span> <span class='ocrx_word' id='word_1_109' title='bbox 479 2074 618 2145; x_wconf 89' lang='lat' dir='ltr'>Horum</span> <span class='ocrx_word' id='word_1_110' title='bbox 644 2072 837 2145; x_wconf 86' lang='lat' dir='ltr'>verborum</span> <span class='ocrx_word' id='word_1_111' title='bbox 862 2098 985 2144; x_wconf 89' lang='lat' dir='ltr'>sensus</span> <span class='ocrx_word' id='word_1_112' title='bbox 1002 2085 1054 2144; x_wconf 88' lang='lat' dir='ltr'>est</span> <span class='ocrx_word' id='word_1_113' title='bbox 1077 2099 1085 2144; x_wconf 79' lang='grc' dir='ltr'><strong>ι</strong></span> <span class='ocrx_word' id='word_1_114' title='bbox 1112 2072 1284 2170; x_wconf 84' lang='lat' dir='ltr'>putabat,</span> <span class='ocrx_word' id='word_1_115' title='bbox 1310 2073 1376 2144; x_wconf 90' lang='lat' dir='ltr'>ali-</span> 
     </span>
     <span class='ocr_line' id='line_1_17' title="bbox 286 2177 1375 2272; baseline 0.004 -25"><span class='ocrx_word' id='word_1_116' title='bbox 286 2177 437 2272; x_wconf 83' lang='lat' dir='ltr'>¹quando</span> <span class='ocrx_word' id='word_1_117' title='bbox 465 2177 545 2249; x_wconf 92' lang='lat' dir='ltr'>solis</span> <span class='ocrx_word' id='word_1_118' title='bbox 571 2190 685 2249; x_wconf 88' lang='lat' dir='ltr'>rotam</span> <span class='ocrx_word' id='word_1_119' title='bbox 710 2179 782 2253; x_wconf 86' lang='lat' dir='ltr'>sive</span> <span class='ocrx_word' id='word_1_120' title='bbox 810 2177 934 2250; x_wconf 90' lang='lat' dir='ltr'>orbem</span> <span class='ocrx_word' id='word_1_121' title='bbox 958 2177 1048 2250; x_wconf 90' lang='lat' dir='ltr'>lucis</span> <span class='ocrx_word' id='word_1_122' title='bbox 1076 2178 1288 2251; x_wconf 87' lang='lat' dir='ltr'>dissolutum</span> <span class='ocrx_word' id='word_1_123' title='bbox 1312 2179 1375 2251; x_wconf 87' lang='lat' dir='ltr'>ab·</span> 
     </span>
     <span class='ocr_line' id='line_1_18' title="bbox 292 2283 1376 2384; baseline 0.004 -30"><span class='ocrx_word' id='word_1_124' title='bbox 292 2283 406 2356; x_wconf 88' lang='lat' dir='ltr'>scindi</span> <span class='ocrx_word' id='word_1_125' title='bbox 443 2299 480 2356; x_wconf 87' lang='lat' dir='ltr'>et</span> <span class='ocrx_word' id='word_1_126' title='bbox 512 2287 551 2356; x_wconf 90' lang='lat' dir='ltr'>in</span> <span class='ocrx_word' id='word_1_127' title='bbox 589 2285 762 2358; x_wconf 79' lang='lat' dir='ltr'>remotan&#39;r</span> <span class='ocrx_word' id='word_1_128' title='bbox 795 2283 951 2384; x_wconf 87' lang='lat' dir='ltr'>aliquam</span> <span class='ocrx_word' id='word_1_129' title='bbox 982 2297 1160 2356; x_wconf 88' lang='lat' dir='ltr'>terrarum</span> <span class='ocrx_word' id='word_1_130' title='bbox 1180 2311 1278 2358; x_wconf 90' lang='lat' dir='ltr'>oram</span> <span class='ocrx_word' id='word_1_131' title='bbox 1306 2285 1376 2358; x_wconf 89' lang='lat' dir='ltr'>de-</span> 
     </span>
     <span class='ocr_line' id='line_1_19' title="bbox 292 2386 1375 2490; baseline 0.007 -31"><span class='ocrx_word' id='word_1_132' title='bbox 292 2386 383 2481; x_wconf 83' lang='lat' dir='ltr'>labi3</span> <span class='ocrx_word' id='word_1_133' title='bbox 407 2417 480 2490; x_wconf 93' lang='lat' dir='ltr'>quo</span> <span class='ocrx_word' id='word_1_134' title='bbox 500 2393 612 2483; x_wconf 86' lang='lat' dir='ltr'>facto,</span> <span class='ocrx_word' id='word_1_135' title='bbox 634 2389 745 2464; x_wconf 89' lang='lat' dir='ltr'>solem</span> <span class='ocrx_word' id='word_1_136' title='bbox 772 2416 845 2462; x_wconf 91' lang='lat' dir='ltr'>non</span> <span class='ocrx_word' id='word_1_137' title='bbox 869 2389 1024 2488; x_wconf 89' lang='lat' dir='ltr'>amplius</span> <span class='ocrx_word' id='word_1_138' title='bbox 1047 2395 1184 2488; x_wconf 89' lang='lat' dir='ltr'>patenti</span> <span class='ocrx_word' id='word_1_139' title='bbox 1208 2391 1291 2464; x_wconf 89' lang='lat' dir='ltr'>luce</span> <span class='ocrx_word' id='word_1_140' title='bbox 1310 2393 1375 2466; x_wconf 83' lang='lat' dir='ltr'>sed</span> 
     </span>
     <span class='ocr_line' id='line_1_20' title="bbox 292 2497 1377 2596; baseline 0.004 -28"><span class='ocrx_word' id='word_1_141' title='bbox 292 2521 429 2568; x_wconf 86' lang='lat' dir='ltr'>cassum</span> <span class='ocrx_word' id='word_1_142' title='bbox 456 2497 596 2570; x_wconf 90' lang='lat' dir='ltr'>lumine</span> <span class='ocrx_word' id='word_1_143' title='bbox 623 2497 786 2596; x_wconf 83' lang='lat' dir='ltr'>progredi</span> <span class='ocrx_word' id='word_1_144' title='bbox 813 2509 850 2570; x_wconf 88' lang='lat' dir='ltr'>et</span> <span class='ocrx_word' id='word_1_145' title='bbox 878 2497 1069 2570; x_wconf 89' lang='lat' dir='ltr'>obscurari.</span> <span class='ocrx_word' id='word_1_146' title='bbox 1096 2499 1182 2570; x_wconf 83' lang='lat' dir='ltr'>Mira</span> <span class='ocrx_word' id='word_1_147' title='bbox 1204 2497 1288 2570; x_wconf 85' lang='lat' dir='ltr'>licet</span> <span class='ocrx_word' id='word_1_148' title='bbox 1315 2503 1377 2572; x_wconf 87' lang='lat' dir='ltr'>vi-</span> 
     </span>
     <span class='ocr_line' id='line_1_21' title="bbox 291 2602 1376 2702; baseline 0.005 -28"><span class='ocrx_word' id='word_1_149' title='bbox 291 2602 421 2676; x_wconf 83' lang='lat' dir='ltr'>deatur</span> <span class='ocrx_word' id='word_1_150' title='bbox 440 2604 527 2677; x_wconf 89' lang='lat' dir='ltr'>haec</span> <span class='ocrx_word' id='word_1_151' title='bbox 550 2608 743 2698; x_wconf 83' lang='lat' dir='ltr'>sententia,</span> <span class='ocrx_word' id='word_1_152' title='bbox 770 2617 988 2677; x_wconf 89' lang='lat' dir='ltr'>nontamen</span> <span class='ocrx_word' id='word_1_153' title='bbox 1015 2607 1134 2676; x_wconf 87' lang='lat' dir='ltr'>statim</span> <span class='ocrx_word' id='word_1_154' title='bbox 1164 2605 1376 2702; x_wconf 89' lang='lat' dir='ltr'>repellenda</span> 
     </span>
     <span class='ocr_line' id='line_1_22' title="bbox 292 2709 1375 2806; baseline 0.003 -26"><span class='ocrx_word' id='word_1_155' title='bbox 292 2719 378 2780; x_wconf 84' lang='lat' dir='ltr'>est:</span> <span class='ocrx_word' id='word_1_156' title='bbox 410 2709 585 2781; x_wconf 89' lang='lat' dir='ltr'>mirabilia</span> <span class='ocrx_word' id='word_1_157' title='bbox 613 2713 710 2783; x_wconf 90' lang='lat' dir='ltr'>enim</span> <span class='ocrx_word' id='word_1_158' title='bbox 740 2711 856 2784; x_wconf 87' lang='lat' dir='ltr'>multa</span> <span class='ocrx_word' id='word_1_159' title='bbox 884 2711 1091 2806; x_wconf 75' lang='lat' dir='ltr'>huJusmodi</span> <span class='ocrx_word' id='word_1_160' title='bbox 1116 2711 1252 2784; x_wconf 85' lang='lat' dir='ltr'>ferebat</span> <span class='ocrx_word' id='word_1_161' title='bbox 1280 2715 1375 2783; x_wconf 86' lang='lat' dir='ltr'>anti-</span> 
     </span>
     <span class='ocr_line' id='line_1_23' title="bbox 292 2817 1375 2915; baseline 0.007 -31"><span class='ocrx_word' id='word_1_162' title='bbox 292 2817 433 2912; x_wconf 88' lang='lat' dir='ltr'>quitas,</span> <span class='ocrx_word' id='word_1_163' title='bbox 459 2817 667 2912; x_wconf 89' lang='lat' dir='ltr'>praesertim</span> <span class='ocrx_word' id='word_1_164' title='bbox 692 2819 732 2889; x_wconf 90' lang='lat' dir='ltr'>in</span> <span class='ocrx_word' id='word_1_165' title='bbox 759 2817 976 2915; x_wconf 85' lang='lat' dir='ltr'>explicandis</span> <span class='ocrx_word' id='word_1_166' title='bbox 1006 2818 1114 2890; x_wconf 91' lang='lat' dir='ltr'>rebus</span> <span class='ocrx_word' id='word_1_167' title='bbox 1145 2817 1375 2892; x_wconf 90' lang='lat' dir='ltr'>naturalibus</span> 
     </span>
     <span class='ocr_line' id='line_1_24' title="bbox 292 2927 1373 3024; baseline 0.007 -32"><span class='ocrx_word' id='word_1_168' title='bbox 292 2945 449 3018; x_wconf 91' lang='lat' dir='ltr'>quarum</span> <span class='ocrx_word' id='word_1_169' title='bbox 477 2951 613 2996; x_wconf 81' lang='lat' dir='ltr'><strong>caussas</strong></span> <span class='ocrx_word' id='word_1_170' title='bbox 638 2927 863 3024; x_wconf 86' lang='lat' dir='ltr'>rationesque</span> <span class='ocrx_word' id='word_1_171' title='bbox 892 2952 966 2997; x_wconf 90' lang='lat' dir='ltr'>non</span> <span class='ocrx_word' id='word_1_172' title='bbox 991 2927 1243 3024; x_wconf 88' lang='lat' dir='ltr'>perspicerent.</span> <span class='ocrx_word' id='word_1_173' title='bbox 1261 2927 1373 3020; x_wconf 85' lang='lat' dir='ltr'>Quod</span> 
     </span>
     <span class='ocr_line' id='line_1_25' title="bbox 291 3025 1373 3128; baseline 0.009 -32"><span class='ocrx_word' id='word_1_174' title='bbox 291 3025 351 3098; x_wconf 92' lang='lat' dir='ltr'>hio</span> <span class='ocrx_word' id='word_1_175' title='bbox 381 3028 616 3128; x_wconf 88' lang='lat' dir='ltr'>Xenophanes</span> <span class='ocrx_word' id='word_1_176' title='bbox 645 3031 690 3105; x_wconf 88' lang='lat' dir='ltr'>de</span> <span class='ocrx_word' id='word_1_177' title='bbox 720 3031 801 3104; x_wconf 92' lang='lat' dir='ltr'>solis</span> <span class='ocrx_word' id='word_1_178' title='bbox 828 3033 1026 3106; x_wconf 87' lang='lat' dir='ltr'>delectione</span> <span class='ocrx_word' id='word_1_179' title='bbox 1058 3033 1271 3105; x_wconf 78' lang='lat' dir='ltr'>existimasse</span> <span class='ocrx_word' id='word_1_180' title='bbox 1300 3035 1373 3106; x_wconf 83' lang='lat' dir='ltr'>ser-</span> 
     </span>
     <span class='ocr_line' id='line_1_26' title="bbox 291 3136 1374 3237; baseline 0.01 -34"><span class='ocrx_word' id='word_1_181' title='bbox 291 3143 375 3225; x_wconf 87' lang='lat' dir='ltr'>tur,</span> <span class='ocrx_word' id='word_1_182' title='bbox 408 3136 502 3210; x_wconf 91' lang='lat' dir='ltr'>idem</span> <span class='ocrx_word' id='word_1_183' title='bbox 529 3136 714 3236; x_wconf 83' lang='lat' dir='ltr'>evulgari</span> <span class='ocrx_word' id='word_1_184' title='bbox 739 3138 911 3237; x_wconf 90' lang='lat' dir='ltr'>loquendi</span> <span class='ocrx_word' id='word_1_185' title='bbox 940 3165 1038 3212; x_wconf 86' lang='lat' dir='ltr'>more</span> <span class='ocrx_word' id='word_1_186' title='bbox 1070 3139 1202 3211; x_wconf 90' lang='lat' dir='ltr'>dicitur</span> <span class='ocrx_word' id='word_1_187' title='bbox 1230 3140 1275 3213; x_wconf 91' lang='lat' dir='ltr'>ab</span> <span class='ocrx_word' id='word_1_188' title='bbox 1301 3141 1374 3214; x_wconf 88' lang='lat' dir='ltr'>He·</span> 
     </span>
     <span class='ocr_line' id='line_1_27' title="bbox 292 3241 1372 3346; baseline 0.012 -36"><span class='ocrx_word' id='word_1_189' title='bbox 292 3241 414 3317; x_wconf 87' lang='lat' dir='ltr'>rodoto</span> <span class='ocrx_word' id='word_1_190' title='bbox 429 3242 478 3338; x_wconf 70' lang='lat'>⁶⁴,</span> <span class='ocrx_word' id='word_1_191' title='bbox 496 3271 581 3318; x_wconf 88' lang='lat' dir='ltr'>cum</span> <span class='ocrx_word' id='word_1_192' title='bbox 600 3245 679 3318; x_wconf 88' lang='lat' dir='ltr'>solis</span> <span class='ocrx_word' id='word_1_193' title='bbox 695 3245 946 3340; x_wconf 85' lang='lat' dir='ltr'>defectionem,</span> <span class='ocrx_word' id='word_1_194' title='bbox 962 3273 1055 3346; x_wconf 90' lang='lat' dir='ltr'>quae</span> <span class='ocrx_word' id='word_1_195' title='bbox 1070 3247 1187 3320; x_wconf 84' lang='lat' dir='ltr'>Xerxe</span> <span class='ocrx_word' id='word_1_196' title='bbox 1202 3249 1241 3320; x_wconf 87' lang='lat' dir='ltr'>in</span> <span class='ocrx_word' id='word_1_197' title='bbox 1257 3245 1372 3323; x_wconf 88' lang='lat' dir='ltr'>Grae-</span> 
     </span>
    </p>
   </div>
   <div class='ocr_carea' id='block_1_4' title="bbox 291 3536 1371 3713">
    <p class='ocr_par' dir='ltr' id='par_1_5' title="bbox 291 3536 1371 3713">
     <span class='ocr_line' id='line_1_28' title="bbox 329 3536 1371 3622; baseline 0.005 -25"><span class='ocrx_word' id='word_1_198' title='bbox 329 3536 395 3617; x_wconf 84' lang='lat'>(61)</span> <span class='ocrx_word' id='word_1_199' title='bbox 418 3537 482 3598; x_wconf 83' lang='lat' dir='ltr'>vid.</span> <span class='ocrx_word' id='word_1_200' title='bbox 513 3539 636 3622; x_wconf 82' lang='lat' dir='ltr'>exempli</span> <span class='ocrx_word' id='word_1_201' title='bbox 661 3543 749 3620; x_wconf 83' lang='lat' dir='ltr'>gratia</span> <span class='ocrx_word' id='word_1_202' title='bbox 778 3541 936 3601; x_wconf 84' lang='lat' dir='ltr'>Mitscherl.</span> <span class='ocrx_word' id='word_1_203' title='bbox 964 3539 1000 3600; x_wconf 86' lang='lat' dir='ltr'>ad</span> <span class='ocrx_word' id='word_1_204' title='bbox 1027 3543 1127 3601; x_wconf 85' lang='lat' dir='ltr'>Horat.</span> <span class='ocrx_word' id='word_1_205' title='bbox 1158 3539 1213 3602; x_wconf 83' lang='lat' dir='ltr'>Ocl.</span> <span class='ocrx_word' id='word_1_206' title='bbox 1240 3541 1292 3618; x_wconf 81' lang='grc' dir='ltr'>Π,</span> <span class='ocrx_word' id='word_1_207' title='bbox 1317 3540 1371 3622; x_wconf 88' lang='lat'>16,</span> 
     </span>
     <span class='ocr_line' id='line_1_29' title="bbox 291 3626 1086 3713; baseline 0.008 -25"><span class='ocrx_word' id='word_1_208' title='bbox 291 3647 333 3688; x_wconf 81' lang='lat' dir='ltr'>rs.</span> <span class='ocrx_word' id='word_1_209' title='bbox 363 3626 410 3688; x_wconf 81' lang='lat'>18.</span> <span class='ocrx_word' id='word_1_210' title='bbox 430 3628 536 3690; x_wconf 82' lang='lat' dir='ltr'>Duker.</span> <span class='ocrx_word' id='word_1_211' title='bbox 559 3629 596 3691; x_wconf 85' lang='lat' dir='ltr'>ad</span> <span class='ocrx_word' id='word_1_212' title='bbox 618 3629 747 3713; x_wconf 86' lang='lat' dir='ltr'>Thucyd.</span> <span class='ocrx_word' id='word_1_213' title='bbox 772 3633 850 3700; x_wconf 86' lang='lat' dir='ltr'>vlt,</span> <span class='ocrx_word' id='word_1_214' title='bbox 874 3644 946 3690; x_wconf 80' lang='lat' dir='ltr'>extr.</span> <span class='ocrx_word' id='word_1_215' title='bbox 968 3652 995 3712; x_wconf 91' lang='lat' dir='ltr'>p.</span> <span class='ocrx_word' id='word_1_216' title='bbox 1016 3629 1086 3708; x_wconf 72' lang='lat'>504.</span> 
     </span>
    </p>
   </div>
   <div class='ocr_carea' id='block_1_5' title="bbox 332 3756 969 3844">
    <p class='ocr_par' dir='ltr' id='par_1_6' title="bbox 332 3756 969 3844">
     <span class='ocr_line' id='line_1_30' title="bbox 332 3756 969 3844; baseline 0.006 -26"><span class='ocrx_word' id='word_1_217' title='bbox 332 3756 395 3840; x_wconf 84' lang='lat'><strong>(62)</strong></span> <span class='ocrx_word' id='word_1_218' title='bbox 417 3759 535 3820; x_wconf 70' lang='grc' dir='ltr'>Μεῖνον.</span> <span class='ocrx_word' id='word_1_219' title='bbox 563 3761 612 3833; x_wconf 91' lang='lat'>11,</span> <span class='ocrx_word' id='word_1_220' title='bbox 640 3782 667 3822; x_wconf 82' lang='lat' dir='ltr'>n.</span> <span class='ocrx_word' id='word_1_221' title='bbox 689 3761 725 3820; x_wconf 87' lang='grc' dir='ltr'>Τ.</span> <span class='ocrx_word' id='word_1_222' title='bbox 745 3763 776 3838; x_wconf 91' lang='lat'>1,</span> <span class='ocrx_word' id='word_1_223' title='bbox 800 3784 828 3844; x_wconf 93' lang='lat' dir='ltr'>p.</span> <span class='ocrx_word' id='word_1_224' title='bbox 850 3761 909 3844; x_wconf 74' lang='lat'>427</span> <span class='ocrx_word' id='word_1_225' title='bbox 932 3761 969 3822; x_wconf 87' lang='lat' dir='ltr'>H.</span> 
     </span>
    </p>
   </div>
   <div class='ocr_carea' id='block_1_6' title="bbox 331 3893 864 4102">
    <p class='ocr_par' dir='ltr' id='par_1_7' title="bbox 331 3893 864 4102">
     <span class='ocr_line' id='line_1_31' title="bbox 331 3893 864 3972; baseline 0.008 -18"><span class='ocrx_word' id='word_1_226' title='bbox 331 3893 394 3972; x_wconf 85' lang='lat'>(63)</span> <span class='ocrx_word' id='word_1_227' title='bbox 416 3894 495 3958; x_wconf 84' lang='lat' dir='ltr'>Stob.</span> <span class='ocrx_word' id='word_1_228' title='bbox 516 3897 657 3958; x_wconf 85' lang='lat' dir='ltr'>Plutarch.</span> <span class='ocrx_word' id='word_1_229' title='bbox 684 3897 783 3960; x_wconf 86' lang='lat' dir='ltr'>Galcn.</span> <span class='ocrx_word' id='word_1_230' title='bbox 803 3899 823 3958; x_wconf 91' lang='lat' dir='ltr'>l.</span> <span class='ocrx_word' id='word_1_231' title='bbox 844 3899 864 3958; x_wconf 92' lang='lat' dir='ltr'>l.</span> 
     </span>
     <span class='ocr_line' id='line_1_32' title="bbox 333 4013 724 4102; baseline 0.018 -28"><span class='ocrx_word' id='word_1_232' title='bbox 333 4013 397 4095; x_wconf 70' lang='lat'><strong>(64)</strong></span> <span class='ocrx_word' id='word_1_233' title='bbox 418 4017 556 4081; x_wconf 83' lang='lat' dir='ltr'>Herodot.</span> <span class='ocrx_word' id='word_1_234' title='bbox 578 4020 653 4098; x_wconf 86' lang='lat' dir='ltr'>llll,</span> <span class='ocrx_word' id='word_1_235' title='bbox 676 4021 724 4102; x_wconf 87' lang='lat'>37.</span> 
     </span>
    </p>
   </div>
   <div class='ocr_carea' id='block_1_7' title="bbox 0 0 1466 4820">
    <p class='ocr_par' dir='ltr' id='par_1_8' title="bbox 0 0 1466 4820">
     <span class='ocr_line' id='line_1_33' title="bbox 0 0 1466 4820; baseline 0 3"><span class='ocrx_word' id='word_1_236' title='bbox 0 0 1466 4820; x_wconf 95' lang='lat' dir='ltr'> </span> 
     </span>
    </p>
   </div>
  </div>
 </body>
</html>
