2924 4820
719 311 757 353 DE
780 311 971 356 morsurus

808 563 879 646 sa.

317 855 320 862 .
357 800 475 872 Lunae
494 800 533 870 in
549 823 671 870 rerum
691 807 819 868 natura
844 798 916 872 vim
938 795 1079 870 nullam
1101 823 1174 871 esse
1202 797 1316 888 dixit,
1337 808 1385 879 τὴν

309 913 430 990 σελήνην
463 912 640 1005 rapat-ror,
669 917 711 976 ut
738 906 787 975 ait
816 904 1008 999 Stobaeus3
1030 907 1230 978 ‘maximam
1266 917 1383 976 contra

308 1014 381 1086 vim
404 1013 467 1085 soli
491 1013 640 1102 tribuit,
666 1036 775 1108 quem
796 1010 912 1083 voluit
934 1015 1163 1110 praecipuam
1191 1037 1270 1084 esse
1289 1036 1383 1081 caus-

308 1147 381 1194 sam
402 1134 610 1208 ventorum‚
628 1119 823 1211 imbrium,
842 1121 1078 1218 omniumque
1105 1146 1198 1217 quae
1225 1121 1265 1190 in
1291 1116 1383 1190 coelo

307 1227 404 1298 fiant.
429 1229 621 1297 Primarius
637 1224 736 1296 locus
757 1238 808 1297 est
826 1225 987 1316 Stobaei,
1007 1227 1070 1323 qui
1095 1225 1181 1297 lraec
1203 1225 1324 1323 prodit
1339 1223 1382 1295 ⁷⁶:

308 1333 464 1430 Ξενοφάνης
493 1339 544 1404 ὑπὸ
570 1352 619 1415 τῆς
653 1345 697 1401 τσῦ
723 1336 799 1411 allici
827 1338 1025 1430 θερμότητος,
1054 1343 1092 1410 ὡς
1124 1343 1264 1428 ἀρκτικῆς
1294 1341 1383 1408 αἰτίας

307 1447 345 1509 τὰ
371 1446 398 1508 ἐν
423 1459 478 1516 τσῖς
494 1449 663 1535 ,μεταρσίοις
687 1440 870 1528 συμβαίνειν·
900 1442 1083 1530 ἀνελνσμὲναν
1108 1445 1165 1534 γὰρ
1193 1446 1228 1506 ἐκ
1254 1457 1304 1518 τῆς
1326 1443 1385 1504 θα-

305 1549 411 1628 λάττης
434 1562 478 1616 ret
502 1555 611 1643 cypri,
638 1551 668 1616 τὸ
695 1549 784 1640 γλυκὺ
807 1549 855 1616 διὰ
885 1557 935 1630 τήν
963 1549 1167 1640 λεπτομερείαν
1197 1549 1382 1641 διακρινόμε-

307 1683 351 1722 νον
378 1663 445 1751 νέφη
470 1681 501 1722 τε
527 1663 706 1724 συνιστάνειν
729 1657 953 1745 ὁμιχλννμενσν,
984 1659 1033 1721 καὶ
1058 1661 1241 1734 καταςάζειν
1266 1651 1383 1746 ἕμβρννς

305 1765 356 1829 ὑπὸ
380 1765 544 1852 πιλήσεως,
573 1768 622 1830 καί
645 1762 804 1852 διατμίζειν
834 1768 870 1829 τὰ
897 1765 1065 1853 πνεύματα·
1090 1770 1193 1858 γράφει
1221 1767 1280 1856 γὰρ
1305 1753 1382 1854 (irap-

304 1865 411 1964 ρ’ήδην·
439 1879 518 1962 πήγη
554 1861 583 1938 δ’
606 1866 653 1951 ἔςι
685 1872 828 1937 θάλασσα
855 1865 967 1945 ὕδατος.
1004 1867 1137 1936 Statuit
1166 1867 1282 1964 igliur
1309 1865 1382 1936 solis

304 1973 442 2046 fervore
466 1985 503 2045 et
528 1973 562 2046 vi
588 1971 711 2046 dulces
736 1997 849 2070 aquae
870 1985 1006 2068 partes,
1030 1984 1156 2068 utpote
1178 1971 1379 2058 levissimas,

238 2157 241 2168 ‚
304 2081 442 2150 amari
469 2105 613 2150 sursum
646 2077 752 2170 tolli3
783 2104 894 2176 quem
927 2079 1118 2151 humorem
1150 2078 1322 2150 diffusum
1349 2089 1381 2148 et

307 2193 499 2256 tenuatum
525 2183 640 2256 nubes
670 2181 832 2275 efficere,
871 2210 1113 2281 compressum
1152 2197 1189 2256 et
1228 2185 1380 2256 conden-

305 2303 423 2364 satum
448 2289 591 2388 pluviae
615 2301 733 2386 guttas
758 2290 970 2382 demittere3
997 2290 1234 2388 ejusdemque
1259 2314 1379 2385 evapo-

306 2397 443 2469 ratione
471 2409 508 2469 et
539 2397 668 2493 spiritu
697 2421 800 2467 auras
823 2409 1020 2494 ventosque
1043 2395 1144 2468 ellici.
1174 2397 1278 2490 Quae
1307 2397 1380 2465 Sto·

306 2501 417 2574 baeus
442 2503 569 2592 refert,
607 2502 831 2575 conveniunt
868 2502 1095 2602 Xenophanis
1117 2503 1331 2593 sententiae,
1353 2499 1379 2570 si

305 2783 462 2843 licetetianr
480 2794 589 2842 constet
606 2785 762 2860 sententia,
773 2785 803 2843 in
815 2784 937 2866 physicis
950 2795 1042 2844 tamen
1059 2773 1251 2866 Xenophanes
1267 2801 1326 2842 curn
1335 2780 1381 2859 Py·

306 2871 446 2951 thagoreis
467 2893 565 2953 parum
585 2875 717 2933 concinit.
741 2875 840 2934 Victor
860 2876 964 2934 Cousin
975 2920 984 2950 ,
1010 2876 1145 2935 Nouvear
1165 2876 1264 2954 fragm.
1284 2893 1311 2953 p.
1331 2866 1379 2946 ll,

305 2961 413 3020 efficere
433 2961 526 3022 studet
559 2963 698 3022 Ciceronis
719 2965 907 3024 testimonium
940 2984 995 3026 non
1021 2985 1079 3023 esse
1098 2963 1285 3044 Xenophanis
1302 2953 1381 3018 menti

304 3051 492 3128 contrarium
510 3051 587 3132 quod
603 3065 696 3112 tamen
714 3073 828 3127 vereor,
848 3066 881 3114 ,ut
896 3055 982 3134 possit
993 3055 1107 3135 probari
1129 3079 1135 3113 ι
1150 3051 1288 3133 quomodo
1312 3047 1379 3106 enlm

306 3141 360 3202 hoe
382 3143 514 3223 placitum
541 3145 565 3202 ei
584 3165 736 3223 congruum
759 3144 849 3204 rideri
872 3157 963 3225 potest
985 3147 1033 3223 qui
1057 3145 1087 3204 in
1107 3143 1272 3226 explicanda
1291 3151 1380 3198 natura

306 3239 398 3294 omnia
418 3234 454 3292 ad
466 3238 688 3315 rerumspeeiem
706 3257 890 3314 sensuumque
907 3233 1039 3316 judicium
1049 3237 1174 3297 relerret.
1194 3233 1379 3295 Brandisvero

306 3335 333 3384 et
343 3323 506 3383 Schaubach
519 3327 698 3405 conjecerunt
709 3327 783 3406 apud
799 3328 958 3385 Ciceronem
969 3324 1152 3406 Xenophanis
1168 3347 1268 3386 nomen
1291 3323 1380 3383 conlo·

304 3433 366 3473 sum
383 3432 441 3471 esse
461 3435 522 3472 cum
544 3414 723 3474 Xenocrate:
747 3427 776 3473 at
795 3415 946 3474 Xenocrati
957 3415 1010 3474 hoc
1030 3415 1171 3476 decretum
1183 3417 1313 3498 placuisse
1329 3431 1378 3468 non

304 3515 434 3574 constat3
455 3503 538 3581 idque
561 3505 668 3562 etiamsi
689 3505 853 3581 probasset,
874 3527 929 3565 non
950 3517 1044 3565 tamen
1066 3519 1163 3566 auctor
1182 3505 1262 3588 hujus
1279 3514 1378 3563 senten-

304 3595 358 3653 tiae
370 3593 442 3668 luit,
467 3591 502 3652 de
520 3613 575 3670 quo
593 3591 668 3673 apud
690 3594 851 3654 Ciceronem
866 3597 964 3676 agitur.

343 3724 405 3808 (76)
429 3726 464 3784 In
486 3725 598 3785 Stobaei
618 3725 875 3807 appendiceeCod.
896 3729 972 3789 Flor.
992 3742 1142 3812 excerpta,
1162 3729 1198 3790 ad
1212 3727 1309 3789 calcem
1324 3719 1378 3781 edi-

304 3817 389 3877 tionis
413 3817 566 3878 Gaisl'ordt.
585 3817 640 3878 vol.
666 3819 717 3894 lV,
738 3841 765 3900 p.
786 3817 914 3883 6.-ra'
937 3823 960 3884 ir
984 3824 1041 3883 τοῖς
1052 3820 1208 3904 μεταρσίοις
1228 3817 1320 3899 scripsi
1333 3831 1377 3893 pro

306 3909 354 3968 κείν
370 3911 426 3968 τοῖς
447 3937 512 3986 μιν.
533 3907 634 3967 deinde
653 3907 810 3992 lraxprrr'p.
826 3912 888 3988 ιε’φη
907 3941 938 3974 τι
954 3915 1097 3982 νννιςείνιιν
1112 3913 1292 3997 prolinefas·
1307 3903 1377 3978 tilla

281 4027 284 4032 ·
305 3995 337 4058 ro*
356 3997 503 4084 νννιενίννεν
520 4033 561 4045 -
582 3999 625 4060 Cf.
645 4020 728 4082 supra
746 4002 846 4084 fragm.
871 4002 923 4064 Xl.
