2870 4824
447 370 522 413 vrrs
545 371 584 414 nr
607 370 731 416 ornum.
917 403 918 408 ,
1111 348 1134 413 5

26 551 27 570 ἢ
81 529 141 618 pays·
159 519 330 620 expeditio
350 519 519 596 adversus
546 522 651 596 Iones
679 535 718 595 et
743 521 1027 596 Phocaeensium
1048 521 1134 622 fuga

81 630 146 701 lacto
166 639 217 700 est
233 625 377 726 Olymp.
402 625 465 726 59,
492 655 523 700 a.
546 633 598 723 -‡-;
624 634 823 724 Polycrates
848 641 972 702 autem
993 629 1134 702 Samius

26 759 27 828 g
81 737 201 808 maxime
211 734 369 808 floruisse
378 737 522 808 videtur
532 737 675 836 Olymp.
687 736 864 811 622unde
876 749 1035 836 apparet,
1046 738 1134 812 haec

80 867 140 914 rum
150 841 288 914 Eusebii
299 855 337 914 et
350 842 514 940 Diogenis
526 844 737 916 testimoniis
751 843 860 941 plane
873 868 1082 942 congruere.

112 951 173 1022 Hoc
196 949 345 1048 quidem
369 962 539 1048 tempus,
566 975 640 1048 quo
661 951 890 1048 Xenophanis
914 977 1054 1024 summa
1079 951 1135 1023 in-

80 1058 149 1155 genii
161 1055 266 1156 glorie
285 1055 566 1146 determinatur,
579 1057 741 1131 medium
754 1057 1018 1155 quodammodo
1035 1069 1136 1132 tenet

80 1165 148 1235 inter
166 1175 317 1236 aetatem
339 1163 385 1234 ab
405 1163 625 1261 Apollodoro
649 1174 687 1234 et
704 1190 725 1235 a
744 1164 885 1235 Timaeo
903 1163 1134 1262 designatam.

79 1271 207 1360 namsi,
230 1283 276 1341 ut
294 1267 357 1342 ille
378 1272 525 1362 statuit,
550 1270 819 1370 quadragesima
838 1269 1050 1370 Olympiade
1071 1294 1136 1341 na-

79 1385 223 1466 tusesset,
235 1379 313 1471 jam
328 1379 574 1476 octogenarius
590 1377 714 1448 fuisset
730 1390 829 1468 tum,
845 1401 964 1475 quum
980 1376 1137 1448 maxima
1252 1368 1255 1378 ’

26 1515 27 1544 i
80 1483 182 1580 ingenii
203 1484 299 1555 lama
327 1483 496 1558 floreret:
517 1485 636 1583 quod,
655 1484 791 1556 etiamsi
813 1485 858 1557 ad
878 1509 1057 1557 summam
1076 1499 1136 1558 se-

80 1602 228 1663 nectutem
251 1591 345 1666 vixit
369 1603 408 1664 et
435 1593 574 1692 viguit,
602 1603 724 1664 tamen
748 1616 824 1663 non
849 1605 902 1665 est
928 1591 1135 1689 probabile;

81 1719 168 1794 neque
182 1699 294 1796 magis
317 1721 520 1796 congruum
544 1711 614 1792 est,
634 1699 663 1770 si
685 1699 899 1798 sexagesima
924 1697 1137 1798 Olympiade
1259 1705 1262 1714 “

82 1801 284 1899 Xenophanes
303 1802 533 1894 inclaruerit,
556 1803 731 1895 eundem,
749 1817 794 1876 ut
813 1805 979 1876 Timaeus
999 1804 1134 1902 prodit,

79 1907 125 1979 sub
145 1910 323 2000 Hierone,
352 1911 416 2008 qui
439 1911 619 2009 sexaginta
644 1921 725 2007 post
746 1911 849 1983 annis
874 1911 1053 2008 Syracusis
1075 1936 1138 1984 re-

78 2017 188 2111 gnarit,
214 2016 338 2089 adhuc
368 2015 527 2090 floruisse
553 2027 618 2088 aut
642 2017 739 2090 inter
765 2015 933 2116 aequales
961 2020 1041 2112 ejus
1065 2041 1137 2115 po—

78 2121 158 2198 tuisse
183 2123 325 2198 haberi.

555 2298 571 2380 S
596 2298 632 2361 3.

108 2471 192 2547 Haec
208 2471 256 2545 de
279 2470 467 2570 antiquis:
489 2471 675 2547 videamus
695 2473 771 2566 jam
796 2469 1026 2561 recentiores,
1043 2491 1138 2568 quo-

74 2600 135 2649 rnm
168 2605 242 2651 non
285 2579 408 2650 minus
445 2577 604 2653 diversae
641 2589 727 2651 sunt
764 2577 934 2649 rationes.
979 2575 1138 2670 Quidam

74 2683 308 2784 Xenophanem
332 2685 442 2758 etiam
470 2684 711 2784 antiquiorem
735 2683 901 2756 fecerunt
926 2705 1038 2781 quam
1065 2695 1140 2754 sta-

74 2793 126 2864 tuit
139 2793 382 2894 Apollodorus
399 2821 408 2864 ι
433 2818 528 2892 quae
546 2792 710 2891 quamvis
731 2789 1055 2864 literatissimorum
1076 2791 1139 2864 ho·
1166 2833 1170 2840 ·

73 2901 189 2974 ninum
222 2902 340 2976 fuerit
371 2901 491 2999 opinio
505 2911 540 2991 ⁷,
575 2912 698 2972 tamen
729 2925 814 2971 cum
841 2897 944 2970 nulla
972 2911 1140 2974 veterum

73 3016 280 3104 auctoritate,
299 3009 403 3084 nullo
417 3007 594 3110 probabili
610 3023 823 3110 argumento
840 3011 1004 3103 nitatur,
1025 3011 1139 3082 omit-

74 3121 157 3194 tenda
180 3133 245 3195 est.
268 3119 439 3216 Plerique
459 3119 646 3190 Timaeum
668 3117 892 3216 potissimum
917 3117 1032 3190 secuti
1054 3143 1141 3192 eum

73 3227 166 3302 nnlto
190 3240 311 3302 aetate
336 3227 542 3301 inferiorem
558 3226 722 3299 arbitrati
742 3237 848 3318 sunt,
863 3227 1068 3300 testimonio
1085 3229 1142 3301 usi

73 3355 161 3429 tpuus
181 3359 321 3412 versu:

327 3451 452 3530 Πηλίκος
470 3441 541 3531 ἦσθ’
566 3457 581 3516 ὸ
609 3449 708 3532 Μῆδος
732 3455 869 3547 ἄφίκετο3

71 3587 100 3660 in
126 3617 197 3692 quo
223 3593 358 3665 Medici
385 3587 458 3668 sive
486 3596 629 3663 Persici
655 3588 743 3663 belli
767 3589 853 3663 facit
880 3589 1102 3663 mentionem
1117 3589 1142 3664 ⁸.

101 3803 139 3887 (7)
158 3806 202 3866 lta
227 3803 356 3890 §caligo
375 3801 505 3865 Animad.
526 3801 561 3864 ad
580 3801 681 3863 Eusoh.
705 3801 803 3864 chron.
825 3823 888 3863 can.
912 3823 941 3884 p.
956 3801 1007 3885 96.
1029 3761 1146 3884 censet,

72 3891 130 3954 idem
146 3894 345 3976 suspicabatur
363 3893 495 3953 Corsinus
514 3893 548 3953 F.
567 3895 600 3954 A.
619 3893 655 3952 T.
672 3891 725 3966 111,
746 3913 775 3974 p.
799 3889 855 3974 59,
876 3892 925 3971 qui
950 3891 1145 3955 tomentatios

73 3982 208 4044 arbitratur
228 3981 396 4066 Apollodori
416 3983 611 4044 auctoritatem
632 3981 717 4060 sequi.

103 4073 142 4155 [8)
159 4074 230 4138 vid.
255 4074 332 4134 infra
349 4075 448 4154 fragm.
462 4073 564 4137 xvlt.
590 4088 594 4098 '
