2870 4824
253 351 297 393 ΧΠ

253 500 531 594 serveturt'Quo
555 497 684 598 placito
702 496 883 598 praecepit
899 498 975 592 jam
993 508 1028 568 et
1048 495 1186 594 poetice
1205 493 1341 568 atinus-v

252 635 368 708 hravit
392 633 488 708 idem
510 631 608 732 quod
633 644 685 704 tot
705 629 834 707 seculis
858 640 978 730 postea
1005 627 1264 702 mathematicis
1281 655 1340 702 ra-

252 766 409 843 tionibus
429 750 713 840 demonstratum
733 775 786 838 est
810 789 831 835 a
856 762 1034 836 Neutono.
1062 757 1124 834 ille
1142 760 1180 832 si
1205 783 1340 859 parurn

251 898 358 972 docte
379 895 645 996 diligenterque
669 894 884 968 sententiam
902 917 1005 968 suam
1025 891 1202 990 exposuit,
1219 904 1256 964 at
1268 892 1338 966 hoc

250 1031 289 1102 iu
313 1053 356 1102 eo
378 1040 432 1102 est
455 1029 564 1102 etiam
590 1025 897 1126 magnificentius,
920 1021 1017 1123 quod
1048 1021 1207 1100 universi
1237 1011 1339 1120 prin-

249 1162 341 1261 cipia
356 1185 428 1233 non
447 1159 492 1234 ad
503 1157 707 1233 naturalem
719 1157 903 1258 quandam
915 1155 1182 1250 necessitatem,
1209 1155 1272 1230 sed
1290 1155 1337 1233 ad

249 1295 326 1367 vini
347 1293 507 1370 divinam
530 1289 667 1383 retulit,
689 1290 902 1390 quaomnia
926 1288 1031 1382 haec,
1051 1313 1147 1388 quae
1170 1313 1278 1387 supra
1298 1301 1349 1362 etv

248 1437 396 1523 supter,
423 1437 598 1522 tanquam
625 1447 701 1496 uno
726 1420 874 1500 vinculo
903 1420 1092 1496 constricta
1121 1419 1248 1494 iisdem
1277 1419 1336 1492 le-

248 1557 352 1656 gibus
374 1557 640 1657 gubernentur.

266 1920 440 1996 'Possent
467 1920 584 1997 multo
611 1919 718 2022 plura
752 1923 871 1997 afferri
899 1921 1089 2022 exempla,
1124 1923 1186 1996 sed
1215 1947 1261 1996 ex
1291 1923 1335 1996 iis

245 2079 340 2152 quae
371 2051 478 2126 attuli
506 2055 588 2126 satis
621 2065 744 2151 patere
776 2051 963 2140 arbitror,
990 2051 1141 2126 minime
1168 2066 1334 2126 contem-

244 2182 364 2256 nenda
376 2183 484 2256 fuisse
509 2195 675 2257 veterum
691 2181 833 2275 studia,
853 2205 1010 2281 eosque,
1037 2180 1132 2272 licet,
1146 2183 1186 2254 in
1209 2181 1335 2281 pleris-

244 2339 316 2414 que
341 2311 655 2406 halucinarentur,
673 2311 790 2422 multa
815 2325 939 2386 tamen
963 2285 1067 2414 quasi
1090 2313 1335 2414 philosophiae

242 2446 419 2520 instinctu
448 2449 524 2541 jam
557 2447 704 2518 sensisse
744 2469 840 2544 quae
878 2445 1090 2545 posteriores
1125 2443 1335 2546 diligentius

243 2591 517 2680 perspexerunt.
534 2582 659 2680 Neque
673 2606 757 2657 vero
769 2581 866 2680 ipsae
880 2605 1008 2653 eorum
1024 2577 1185 2670 fabulae,
1199 2581 1333 2652 etiam-

243 2716 274 2788 si
302 2716 460 2792 veritatis
487 2715 559 2788 sint
587 2727 776 2814 expertes,
805 2739 952 2814 prorsus
977 2713 1202 2813 spernendae
1221 2727 1332 2786 sunt:

190 2908 194 2928 .
242 2851 282 2922 in
307 2847 363 2920 his
387 2849 485 2921 enirn
514 2873 599 2922 eum
628 2846 745 2922 multa
773 2858 923 2947 apparet
951 2847 1139 2924 vetustatis
1170 2845 1333 2945 effigies,

242 2989 325 3052 tum
349 2977 452 3051 initia
479 2978 665 3052 cernimus
690 3005 709 3051 a
737 2977 874 3078 quihus
902 2976 1060 3076 prosecta
1092 2987 1145 3050 est
1171 2975 1331 3074 philoso-

146 3177 148 3182 .
243 3109 327 3209 plaia
351 3121 389 3184 et
411 3111 581 3184 exerevit.
600 3109 675 3204 Qui
695 3110 793 3183 enim
814 3108 925 3208 primi
946 3119 1117 3182 naturam
1138 3108 1333 3180 intueren-

244 3255 331 3332 tur,
354 3243 458 3342 quasi
477 3241 612 3318 nebula
636 3241 807 3333 obducti,
835 3241 882 3317 de
907 3241 1017 3316 rebus
1040 3240 1251 3316 divinabant
1272 3267 1333 3339 po·
1356 3273 1361 3280 ·

243 3377 315 3449 tius
331 3399 443 3474 quam
458 3389 553 3449 certa
567 3377 704 3451 ratione
717 3376 940 3469 statuebant3
958 3373 1150 3474 paullatim
1166 3373 1333 3465 demum,
1369 3353 1375 3368 ⁸

242 3508 352 3584 studii
381 3507 586 3583 assiduitate
609 3510 793 3584 exercitati
806 3533 1005 3608 rerumque
1026 3534 1098 3581 usu
1123 3507 1262 3598 edocti,
1289 3529 1332 3576 eo

242 3653 511 3740 pervenerunt,
542 3652 587 3714 ut
606 3639 738 3715 clarius
757 3654 949 3716 cernerent
970 3653 1009 3715 ct
1033 3665 1157 3715 rerum
1180 3636 1332 3710 rationes

241 3771 372 3848 melius
392 3772 650 3875 intelligerent.
678 3774 826 3846 Etiamsi
851 3774 962 3874 igitur
993 3773 1170 3845 fateamur
1193 3779 1333 3845 veteres

239 3904 286 3979 de
310 3903 493 4006 plerisque
513 3919 657 3980 tantum
682 3905 904 3999 balbutiisse,
939 3920 977 3980 at
1000 3907 1080 4005 quis
1106 3915 1228 3976 tamen
1260 3901 1333 3976 bal.

241 4035 415 4111 butientis
437 4035 680 4138 philosophiae
705 4065 807 4115 voces
831 4049 1040 4114 contemnat
1064 4061 1132 4110 nec
1161 4033 1332 4110 lubenter
