2840 4820
297 338 342 406 72
652 421 655 428 Ι
749 353 944 399 xrrornms

176 466 179 472 Ι
295 517 530 683 praeceptum
548 503 594 578 de
607 503 653 577 ls.
679 513 717 578 et
740 502 830 574 Osir.
854 527 889 601 p.
914 500 987 600 378
1007 501 1098 574 :ioca
1119 517 1248 598 ρρσνεῒν,
1267 498 1375 597 εὕρημα

318 621 405 710 tysis.

345 770 395 819 vs.
425 741 479 816 15.
507 750 545 814 τά
570 743 672 814 δίναισι
694 743 846 834 δίινιισᾷιιι
866 749 1015 837 πρήσσειν.
1037 736 1089 808 Ne
1101 760 1212 835 quem
1225 733 1376 809 offendat

295 849 333 922 h.
348 847 372 922 l.
389 849 544 928 verbum
561 849 727 938 ολλνασθιιι,
743 846 960 936 notandum,
983 842 1136 920 verbum
1150 842 1217 914 hoc
1240 855 1278 914 et
1302 841 1378 913 lati-

294 983 388 1032 num
396 985 497 1054 pocae
510 957 696 1030 interdum
709 957 780 1030 dici
791 981 865 1029 non
880 965 1024 1027 tantum
1040 951 1085 1024 de
1098 948 1300 1022 naturalict
1310 975 1379 1048 pro

238 1105 243 1124 ι
295 1068 374 1164 pria
397 1064 552 1161 alicujus
564 1077 755 1162 potestate,
773 1063 834 1137 scd
848 1063 956 1135 etiam
981 1060 1026 1132 de
1053 1057 1106 1130 rei
1129 1055 1298 1130 facultate
1321 1069 1378 1130 aut

295 1185 390 1247 sorte
402 1172 603 1273 quaenobis
616 1172 775 1261 aliunde,
788 1170 903 1245 veluti
915 1195 935 1241 a
947 1169 1033 1260 Deo,
1045 1166 1204 1264 contigit.
1218 1165 1376 1238 Herodot.

297 1280 387 1372 VII,
419 1279 486 1371 134
501 1307 509 1352 :
522 1301 591 1352 τοῖσι
608 1287 802 1378 Σπαρτιήτῃσι
816 1282 1007 1374 καλλιερῆσαι
1021 1280 1183 1366 θυομένοισι
1196 1275 1245 1343 oin
1260 1273 1376 1344 ἐδὺνατο.

275 1465 276 1468 ,
298 1393 502 1467 Simonides
517 1394 559 1466 fr.
579 1393 646 1466 231
664 1448 675 1488 ,
701 1419 751 1470 vs.
781 1419 822 1491 17
838 1447 847 1481 ‚
862 1391 918 1464 ed.
933 1391 1025 1488 Lips.
1051 1413 1087 1487 p.
1105 1388 1204 1480 214:

396 1541 926 1642 οἷδ’ἐνὲαλάσσῃ.---

398 1659 594 1742 Qumis,
616 1648 674 1726 εὖτ’
702 1652 740 1724 ἂν
763 1662 804 1747 μὴ
827 1653 1003 1736 σλινήσωνται
1028 1657 1115 1731 ζόιιν.
1153 1709 1158 1719 .

298 1789 436 1866 Eodem
458 1815 567 1863 sensu
590 1790 627 1864 h.
653 1789 677 1862 l.
697 1791 859 1888 positum
880 1801 944 1864 est.

351 1984 400 2035 vs.
432 1957 487 2033 16.
515 1973 609 2033 ταῦτα
633 2003 681 2020 -
697 1972 927 2062 προχειρότερσν.
954 1959 1075 2034 Potest
1100 1959 1168 2033 hoc
1194 1984 1263 2058 per
1284 1957 1378 2056 ellip-

299 2065 354 2138 sin
371 2066 564 2167 explicari,
591 2082 636 2141 ut
658 2069 885 2168 intelligatur
912 2084 1005 2141 ταῦτα
1027 2087 1116 2140 ποιεῖν
1140 2065 1300 2165 (nempe
1315 2071 1377 2136 θεὸν

267 2223 269 2229 ·
300 2181 417 2268 ὑμνεῖν,
431 2178 577 2265 σπένδειν,
594 2175 764 2275 εὔχεσθαι)
779 2185 826 2262 ἐςί
835 2185 1061 2274 προχειρότερον.
1076 2175 1251 2247 Attamen
1263 2171 1378 2246 Graeci

300 2283 442 2380 saepius
468 2295 542 2357 tam
571 2309 772 2382 pronomen
791 2309 914 2384 'quam
948 2282 1167 2385 adjectivum
1201 2283 1252 2355 ita
1279 2305 1377 2355 usur-

213 2480 215 2488 ·
300 2403 412 2488 pant,
437 2403 482 2462 ut
508 2417 549 2464 ca
574 2390 884 2464 substantivorum
901 2392 1013 2462 instar
1037 2416 1102 2488 per
1123 2391 1288 2488 seposita
1305 2390 1376 2460 sint.

301 2497 499 2597 Utriusque
518 2503 659 2598 generis
681 2498 892 2598 exemplum
919 2524 1098 2596 apponam
1126 2525 1134 2570 :
1158 2497 1259 2570 Plato
1283 2497 1375 2595 Legg.

301 2607 375 2698 IV,
401 2631 434 2678 2.
462 2631 497 2705 p.
523 2631 595 2708 707
622 2607 657 2680 Α
688 2609 762 2681 :ta
782 2614 870 2680 κακὸν
896 2615 927 2680 ἐν
945 2611 1089 2700 θαλάσσῃ
1112 2618 1239 2704 τριήρεις
1263 2611 1378 2681 ὁπλίταις

301 2729 485 2811 παρεςῶσαι.
512 2714 571 2788 hic
596 2720 685 2786 κακὸν
710 2741 776 2812 per
799 2741 836 2789 se
861 2715 1018 2812 positum
1043 2725 1113 2807 est3
1137 2715 1315 2786 Homerus
1340 2707 1376 2779 Il.

302 2851 331 2902 η.
358 2844 405 2918 97
436 2845 444 2891 :
466 2823 552 2909 λώβη
579 2823 650 2894 rats
676 2815 703 2916 γ’
725 2821 855 2893 ἔσσεται.
878 2820 944 2894 ubi
969 2818 1133 2892 similiter
1157 2823 1227 2893 τάδε
1240 2841 1377 2914 usurpa-

302 2938 395 2998 tum.
420 2927 551 3025 Itaque
576 2926 613 2998 h.
632 2926 658 2998 l.
675 2941 769 3000 ταῦτα
790 2939 827 3000 et
842 2937 1059 3027 προχειρότερον
1080 2939 1284 3026 utrumque
1301 2923 1377 2997 sub-

302 3033 455 3108 stantive
480 3034 593 3132 accipi
618 3045 749 3132 potest.

215 3263 217 3266 Ι
353 3189 403 3240 vs.
435 3165 490 3236 18.
516 3173 621 3264 ἀφίκοιο
643 3159 735 3238 οἴκαδ’
760 3165 832 3236 ἄνευ
856 3171 1018 3264 προπολον,
1045 3175 1121 3238 sinc
1145 3192 1258 3261 puero
1281 3167 1376 3256 [occat

298 3285 463 3370 portante
487 3288 552 3346 out
575 3280 667 3347 viam
692 3287 907 3348 monstrante
927 3275 973 3348 ab
991 3273 1108 3374 epulis
1131 3275 1250 3346 redire
1274 3267 1378 3344 modi-

303 3405 366 3454 cae
388 3382 578 3478 potationis
592 3393 629 3454 et
644 3382 776 3456 veteris
789 3383 1049 3480 temperantiae
1074 3381 1268 3474 iudicium,
1292 3371 1378 3477 quod

304 3487 404 3584 apud
431 3487 705 3562 Lacedemonios
734 3489 843 3560 ctiam
873 3487 953 3588 lege
983 3491 1127 3584 jussum
1153 3499 1230 3560 erat
1256 3494 1378 3558 επιίντες

304 3601 336 3670 οἳ
363 3608 487 3694 μετρίως
514 3605 614 3670 ἀπίασι
649 3599 721 3690 δίχα
740 3599 916 3691 λαμπάδος,
936 3596 986 3668 ait
1005 3593 1219 3668 Plutarchus
1239 3593 1376 3692 Lycutg·

303 3732 335 3779 c.
367 3731 421 3778 12.
446 3704 648 3803 Xenophon
674 3705 764 3802 Rep.
788 3703 914 3778 Laced.
938 3731 969 3778 c.
998 3703 1044 3796 5,
1069 3714 1152 3776 sect.
1174 3727 1209 3801 7.

355 3861 405 3912 vs·
433 3861 495 3910 20.
524 3848 562 3916 ὡς
585 3848 604 3918 ἡ
627 3842 817 3930 μνημοσύνη,
845 3841 912 3908 κτλ.
929 3837 1063 3910 Versus
1087 3835 1184 3907 hies
1205 3831 1289 3906 viris
1311 3827 1378 3901 doc·

308 3941 353 4012 tis
382 3943 478 4015 varie
505 3955 665 4016 tentatus
693 3957 732 4017 et
757 3942 949 4042 explicitus
977 3955 1042 4019 est.
1079 3939 1310 4014 Casauhonus
1336 3935 1381 4008 ita

307 4049 560 4147 corrigendum
584 4051 738 4149 putabat
762 4077 770 4123 ε
