2924 4820
503 308 717 351 narnosormn.
1084 291 1143 357 171

90 457 285 532 »centibus
319 457 576 531 mathematicis
614 458 739 532 orbem
766 457 876 532 lunae
903 458 1148 560 duodeviginti

88 593 107 640 n
131 567 282 666 partibus
294 570 467 662 majorem
486 591 682 666 essequam
697 579 830 640 terram
847 565 1052 642 stultissime
1068 595 1148 642 cre-

87 701 105 744 1)
129 673 214 746 didit
239 685 304 764 et,
334 673 431 772 quod
462 672 549 745 huic
577 672 715 747 levitati
750 673 821 745 fuit
848 685 1148 767 consentaneum,

87 811 104 854 n
128 781 213 854 dixit
236 781 331 851 intra
357 805 553 854 concavum
579 777 688 850 lunae
711 778 832 849 sinum
853 804 928 851 esse
950 777 1055 850 aliam
1073 792 1149 852 ter-

86 918 103 962 1
127 914 220 976 ram,
245 900 283 960 et
305 886 357 958 ibi
374 885 473 959 aliud
493 912 606 984 genus
630 886 821 958 bominum
839 884 945 957 simili
965 886 1072 958 modo
1092 888 1150 962 vi-

19 1015 20 1018 ’
85 1023 102 1067 1
126 1019 226 1085 vere,
252 1019 325 1092 quo
351 1019 414 1064 nos
440 993 479 1064 in
505 993 570 1065 hac
597 1004 691 1066 terra
719 991 920 1065 vivimus.»
948 991 1070 1064 Lunae
1086 1018 1150 1064 or-

85 1104 157 1176 bem
169 1099 414 1198 duodeviginti
428 1099 590 1198 partibus
602 1103 772 1194 majorem
789 1124 862 1171 esse
876 1124 986 1196 quam
999 1111 1148 1190 terram,

18 1209 20 1268 i
83 1209 252 1282 tradidisse
284 1207 417 1280 dicitur
451 1207 716 1279 Anaximander
756 1202 803 1293 ⁷³,
842 1209 947 1300 cujus
976 1204 1150 1303 placitum

18 1315 19 1334 ³
83 1342 159 1389 cum
177 1313 355 1388 Ciceronis
369 1313 414 1385 de
427 1313 646 1410 Xenophane
668 1311 867 1386 testimonio
883 1313 1045 1385 confudit
1060 1313 1150 1388 Lac-

84 1423 215 1494 tantius.
250 1421 371 1512 Hujus
395 1432 518 1491 autem
544 1419 718 1516 opinionis
752 1421 915 1517 quamvis
947 1420 1037 1496 varii
1055 1419 1152 1492 habi-

83 1530 106 1598 ti
126 1529 193 1599 sint
208 1537 396 1616 auctores,
429 1523 521 1620 (alii
543 1527 640 1598 enim
659 1526 703 1597 ad
720 1525 976 1626 Pythagoreos,
1004 1525 1153 1624 quidam

84 1635 179 1706 etiam
202 1632 247 1704 ad
271 1632 459 1730 Orpheum
488 1632 653 1705 referunt
672 1631 927 1729 71)(100010110
951 1645 1074 1706 tamen
1095 1659 1154 1731 pa·

18 1799 19 1808 ,
84 1766 155 1811 10111
179 1737 326 1838 probata
356 1750 497 1810 exstant
527 1739 754 1830 testimonia,
779 1765 902 1831 unus,
927 1740 987 1811 cui
1014 1751 1153 1814 veteres

84 1847 199 1920 iudea
222 1845 371 1918 Platone
394 1846 714 1918 hancsententiam
730 1847 943 1916 nominatim
966 1845 1153 1936 tribuunt,

83 1955 296 2052 Anaxagoras
322 1953 416 2044 suit,
442 1952 487 2025 de
511 1951 732 2049 Xenophane
753 1951 862 2023 ceteri
887 1975 1010 2024 omnes
1034 1951 1151 2025 silent.

84 2060 165 2131 llum
199 2061 312 2158 igitur
341 2071 465 2131 contra
500 2082 729 2130 communem
767 2069 931 2131 veterum
957 2058 1151 2129 auctorita·

84 2177 145 2237 tem
176 2165 340 2238 Ciceroni
368 2165 475 2237 fidem
497 2163 716 2254 habeamus,
747 2189 794 2234 an
815 2162 1002 2236 credamus
1032 2164 1152 2260 potius

17 2284 18 2318 ³
83 2269 203 2360 illum,
236 2271 333 2371 quod
349 2270 535 2342 interdum
554 2272 588 2342 ei
608 2269 735 2342 accidit
764 2271 803 2341 in
827 2281 991 2344 veterum
1012 2269 1149 2367 placitis

83 2379 275 2471 tradendis,
304 2379 443 2448 incuria
468 2377 623 2474 quadam
647 2375 840 2472 deceptum
866 2375 1011 2446 nomina
1029 2376 1153 2448 consu·
1242 2371 1244 2378 ’

82 2484 159 2559 disse
184 2513 192 2557 :
217 2487 426 2584 praesertim
455 2509 541 2556 cum
565 2495 637 2554 tota
661 2481 888 2580 Xenophanis
917 2481 962 2554 de
993 2483 1153 2580 corpori-

82 2590 138 2662 bus
157 2591 371 2664 coelestibus
398 2590 591 2681 sententia,
618 2589 663 2660 de
688 2614 815 2662 eorum
838 2587 993 2686 origine,
1018 2589 1149 2686 figura,

82 2700 299 2792 conditione,
319 2699 364 2770 ab
380 2697 590 2792 hujusmodi
606 2695 736 2795 placito
753 2693 869 2768 aliena
885 2695 931 2766 sit
945 2691 981 2766 ⁷⁵.

114 2895 179 2998 (73)Ι
201 2895 341 2957 Plutarch.
369 2893 404 2956 de
430 2895 502 2977 plac.
533 2894 634 2976 philos.
661 2895 718 2971 ll,
745 2895 794 2956 25.
811 2893 1153 2955 StobaeusetGalen.'ibi

81 2984 240 3158 ὴηζξῖὒε
266 3076 378 3158 Orpheo
401 3087 429 3136 ct
448 3073 630 3157 Pythagoreis
655 3075 766 3135 Fabric.
788 3073 862 3133 Bibl.
890 3073 940 3133 Gr.
968 3074 1001 3148 1,
1027 3095 1055 3155 p.
1087 3076 1153 3134 132.

82 3163 207 3226 Bmclrer.
232 3166 343 3226 Histoe.
367 3165 474 3226 Philos.
499 3167 532 3236 l,
561 3164 631 3248 398.
658 3163 781 3225 Boeclb.
804 3163 902 3223 Philol.
927 3185 955 3243 p.
982 3163 1045 3224 130.
1071 3161 1155 3242 Apud

83 3253 264 3336 Pythagoreos
282 3257 390 3337 saepius
410 3253 458 3323 vrb
486 3253 640 3332 oirrlxbm
659 3277 721 3315 cum
741 3253 808 3312 luna
828 3254 972 3314 confusam
995 3273 1052 3313 esse
1072 3275 1088 3312 a
1111 3272 1154 3311 se-

83 3343 194 3404 rioribus
218 3346 440 3427 interpretibus,
465 3345 532 3406 olibi
554 3347 716 3427 explicatius
736 3342 890 3404 ostendam.
909 3344 1043 3418 Quamvis
1062 3353 1155 3400 autent

85 3436 302 3508 nonnullorum,
323 3450 353 3496 ut
374 3437 507 3512 Philolai,
528 3438 614 3497 luerit
630 3437 864 3510 haecsentcutia,
885 3455 944 3494 non
969 3431 1033 3492 ideo
1054 3431 1158 3514 Pytha-

84 3530 150 3602 gorei
168 3529 301 3588 universe
321 3530 379 3609 ejus
399 3541 525 3589 auctores
542 3527 598 3588 dici
616 3539 743 3609 possunt.
759 3529 938 3604 Anaxagorae
958 3535 1068 3604 practer
1086 3521 1155 3598 alios

84 3618 204 3676 neminit
223 3617 303 3678 Plato
323 3618 436 3700 Apolog.
460 3619 537 3680 Socr.
560 3640 589 3699 p.
611 3618 650 3680 36
669 3619 705 3676 D.
725 3613 888 3676 Scbaubach
911 3616 1037 3692 Anaxag.
1054 3613 1155 3691 fragm.

85 3706 184 3876 1)ιώξῖ
201 3728 343 3857 (1101101110
375 3798 563 3858 testimonium
592 3795 767 3879 repudiatum
789 3806 832 3853 cst
858 3814 874 3851 a
902 3790 1050 3852 Brundisio
1076 3811 1155 3851 com-

85 3899 161 3944 nent.
190 3885 281 3946 Eleat.
315 3909 343 3968 p.
366 3888 405 3949 56
424 3909 466 3968 sq.
499 3887 688 3949 Schaubacbio
719 3885 739 3944 l.
770 3883 790 3943 l.
810 3905 839 3965 p.
864 3880 939 3955 162;
969 3879 1111 3941 laudatum
1137 3903 1155 3942 a

88 3978 218 4044 boeckhio
232 3983 253 4046 l.
267 3983 288 4042 1.
311 3984 403 4062 credo,
424 3999 539 4069 propter
555 3985 790 4075 Pythagoreorum
811 3979 1023 4054 adsensionem,
1038 4001 1156 4060 quorum
