2942 4830
547 421 788 470 imeneorum.
812 474 837 496 ,‚
1149 407 1211 468 21³

123 613 213 662 rum
236 612 324 662 sane
347 586 436 661 illud
454 590 652 688 meritoque
671 589 904 666 laudandum.
948 589 1059 666 'ldern
1073 591 1210 666 veroin

122 707 402 809 contemplanda
419 709 477 784 illa
497 713 611 809 speeie
635 713 741 787 unice
762 713 935 803 intentus,
953 711 1103 813 ejusque
1115 740 1210 816 magr

122 830 313 904 niticentia
334 832 437 930 quasi
458 831 642 933 obreptus,
667 835 790 910 multis
810 836 848 907 in
871 833 978 908 rebus
1006 833 1124 934 lapsus
1143 848 1208 911 est.

120 956 202 1026 Ena
225 951 331 1052 finxit
354 955 520 1028 naturam
546 981 612 1056 per
632 983 669 1030 sc
692 969 929 1042 constantem,
952 983 972 1030 a
998 981 1120 1030 rerum
1142 983 1212 1032 na-

120 1089 210 1148 tura
231 1097 377 1172 prorsus
399 1089 588 1150 secretam:
608 1080 657 1152 ita
681 1104 768 1154 vero
787 1075 892 1168 illud,
921 1075 1025 1176 cujus
1045 1101 1210 1152 commu.-

120 1197 241 1268 nione
261 1221 317 1270 res
337 1221 460 1270 omnes
481 1201 750 1292 contineantur,
772 1213 809 1274 et
830 1223 903 1299 quo
922 1211 1095 1297 tanquam
1116 1197 1211 1272 fun-

120 1313 299 1390 damento
328 1341 451 1390 rerum
474 1321 603 1395 veritas
635 1322 786 1410 nitatur,
811 1345 907 1394 esse
935 1321 1074 1412 dico,a
1104 1318 1211 1394 rebus

119 1438 215 1535 ipnin
234 1439 424 1536 separavit:
450 1454 559 1541 atque
575 1456 618 1516 ut
637 1440 878 1541 Xenophanes
897 1443 1016 1518 Deum
1033 1469 1056 1516 a
1074 1437 1211 1516 mundo

120 1559 393 1658 segregaverat,
410 1561 460 1634 sic
480 1562 723 1654 Parmenides,
735 1579 779 1638 ut
796 1591 883 1640 oum
900 1565 1047 1640 Platone
1068 1563 1211 1663 loquar,
1325 1603 1329 1614 =

122 1680 344 1754 universum
365 1679 410 1754 ob
431 1683 598 1761 universo
620 1683 755 1761 divellit
771 1688 850 1761 ¹⁶¹⁰.
905 1686 1043 1760 Deinde
1068 1682 1152 1776 ens,
1169 1697 1213 1758 ut

123 1825 250 1874 unum
277 1813 314 1875 ct
336 1803 503 1902 simplex,
524 1803 674 1903 simplici
701 1807 817 1905 specie
843 1809 1043 1908 exprimere
1066 1818 1213 1880 conatus

121 1935 202 2016 eet,
233 1921 296 1996 sed
326 1925 364 1996 in
396 1949 438 2000 eo
467 1925 696 2002 describendo
723 1929 883 2004 notiones
913 1913 1099 2002 admiscuit
1129 1951 1213 2000 cou-

123 2059 244 2117 cretas
264 2063 300 2118 et
322 2073 342 2119 a
368 2047 517 2147 simplici
546 2047 605 2122 itta
633 2061 763 2124 natura
792 2049 939 2144 alienas,
970 2065 1014 2124 ut
1042 2061 1212 2141 totum,

125 2167 424 2261 continuum,
464 2169 670 2264 finitum,
710 2195 805 2273 quae
837 2171 985 2273 quidem
1026 2196 1100 2244 non
1138 2197 1214 2244 mo-

124 2286 172 2362 do
207 2313 330 2362 uuum
359 2291 576 2390 significant,
607 2291 669 2366 sed
701 2291 808 2368 simtrl
841 2291 956 2394 multa
986 2291 1217 2386 conducunt,

108 2387 170 2482 ¹ut
192 2409 294 2484 Plato
317 2425 355 2486 et
374 2411 828 2490 Aristotelesostenderunt
841 2415 920 2488 ¹⁶¹.
973 2392 1214 2490 Porrosoluni

123 2531 276 2606 omnino
305 2557 398 2608 esse
424 2554 554 2612 verum
579 2536 726 2628 statuit,
761 2535 859 2636 quod
881 2549 1004 2610 antem
1022 2548 1213 2628 nonest,

123 2650 260 2728 falsum
282 2679 323 2728 ac
347 2655 439 2730 nihil
465 2657 620 2732 omnino.
671 2659 793 2760 Equo
812 2671 1004 2760 aequattu,
1025 2671 1069 2732 ut
1094 2656 1213 2731 omnia

71 2809 76 2814 ·
124 2797 382 2878 quaecumque
401 2803 585 2854 nonense
607 2779 774 2854 dieantur
791 2807 860 2855 nec
884 2778 1039 2879 simplici
1058 2777 1123 2850 bae
1144 2801 1214 2852 no-

125 2896 229 2968 tione
242 2897 636 2995 oontineantur,veluti
658 2903 801 2994 nasci,
819 2904 1029 2994 interire,
1047 2900 1214 2990 fluere,

127 3019 320 3112 variari,
348 3018 433 3094 falsa
460 3023 531 3096 sint
552 3023 653 3098 etad
680 3021 835 3098 nihilum
862 3023 1093 3100 reducantur.
1146 3024 1215 3097 Di·
1285 3071 1287 3078 ι

126 3139 253 3214 stinxit
274 3139 423 3240 quidem
442 3142 503 3216 ille
518 3143 707 3244 opinabilia
727 3173 747 3218 a
766 3147 925 3236 veris,et
935 3143 1100 3243 utrisque
1110 3170 1213 3219 suam

125 3260 254 3336 tribuit
276 3261 501 3362 dignitatem,
513 3279 549 3338 at
573 3291 665 3358 non,
685 3265 774 3368 quid
791 3265 930 3356 feeerit,
946 3265 1005 3339 sed
1021 3259 1110 3368 quid
1130 3291 1212 3340 eon-

126 3405 283 3482 sequena
309 3384 373 3475 eit,
401 3386 623 3485 quaerimus.
672 3387 727 3460 lto
752 3401 874 3461 autem
902 3389 1031 3460 veritas
1052 3389 1211 3486 augustis
1317 3445 1323 3460 ,

125 3529 212 3576 sane
231 3503 392 3577 terminis
412 3508 630 3580 coarctetur!
653 3505 779 3601 Quid?
802 3510 831 3581 si
860 3531 977 3583 unum
1004 3523 1042 3582 et
1059 3508 1208 3610 simplex

126 3652 220 3700 ease
231 3651 360 3710 verum
377 3625 562 3720 habeatur,
574 3655 715 3704 necesse
726 3631 790 3722 sit,
800 3629 915 3704 omnis
931 3631 1115 3704 notionum
1130 3658 1218 3706 con--

126 3747 262 3847 junctio
273 3747 435 3841 tollatur,
446 3773 515 3824 neo
524 3750 621 3826 ullae
633 3777 756 3827 revera
768 3749 962 3850 praedicari
973 3751 1106 3850 possint
1122 3777 1209 3850 qua·

126 3871 241 3948 litotes
260 3899 355 3974 quae
379 3875 454 3948 enti
477 3873 739 3965 attribuantur,
766 3875 885 3970 ipsum
907 3871 993 3946 adeo
1015 3899 1079 3948 ens
1100 3873 1207 3974 quale

160 4041 235 4109 (160)
268 4043 325 4105 Vid,
344 4045 429 4106 inin,
447 4051 501 4096 not.
522 4044 574 4111 169„
872 4113 875 4120 Ι

161 4131 235 4198 (16.1)
268 4132 325 4186 vid.
344 4149 430 4202 supra,
446 4133 462 4202 5
479 4135 494 4184 s
511 4139 543 4184 et
562 4147 599 4190 to,
619 4146 645 4198 p.
667 4133 785 4192 171,182.
