2840 4820
261 391 325 452 120
676 414 713 454 nr
737 413 930 455 aanornams
973 401 980 418 ’

258 573 322 666 qui
344 571 638 668 adspectabilium
663 595 785 642 rerum
808 571 935 640 formas
955 569 999 641 ad
1020 569 1259 667 intelligibilia
1281 593 1351 640 re-

258 675 442 754 tulerunt.
459 677 582 750 eadem
605 679 717 775 figura
736 679 791 748 usi
809 689 894 747 sunt
918 676 962 748 ad
989 701 1165 747 summam
1189 689 1353 747 naturae

257 785 512 877 perlectionem
534 784 801 881 exprimendam
818 785 910 880 Ergo
929 783 1046 853 Deum
1066 809 1138 853 non
1155 790 1353 876 sphaeram

256 891 359 962 finxit
379 892 636 990 Xenophanes,
666 891 727 962 sed
751 897 920 983 sphaerae
945 897 1112 975 similem,
1138 913 1282 986 prorsus
1302 902 1355 960 ut

255 995 482 1070 Parmenides
495 995 777 1069 celebratissimis
796 995 955 1068 versibus
973 997 1040 1086 104
1053 1020 1128 1093 sqq.
1141 1005 1172 1064 τὸ
1187 994 1222 1065 ὃν
1233 995 1353 1066 dicit:

349 1156 496 1218 παντόθεν
522 1152 654 1218 etinheim
678 1160 798 1245 opellam
825 1152 982 1242 ἐναλίγκιον
1001 1147 1082 1240 ὄγκῳ

356 1270 503 1353 μεσσόθεν
529 1266 662 1339 [caralis
682 1273 788 1354 πάντῃ·
804 1305 852 1316 -

353 1373 372 1455 ἦ
399 1384 456 1472 γὰρ
481 1384 629 1447 παντόθεν
655 1374 710 1446 ἴσον
737 1376 812 1468 ὁμῶς
834 1385 864 1446 ἐν
892 1387 1006 1470 πείρασι
1032 1395 1120 1469 κυρεῖ.

254 1537 371 1607 Etiam
382 1537 481 1610 Plato
500 1542 539 1612 in
556 1539 692 1638 dialogo
710 1542 867 1630 Timaeo,
884 1543 922 1612 in
940 1565 1013 1636 quo
1032 1541 1222 1634 priscorum
1243 1539 1352 1638 phy-

252 1647 406 1716 sicorum
423 1649 606 1744 opiniones
624 1675 687 1720 sua
704 1651 841 1720 ratione
857 1649 1016 1753 ornavit,
1035 1647 1215 1718 mundum
1236 1645 1350 1718 hunc

252 1751 291 1822 in
312 1753 482 1849 sphaerae
502 1755 650 1827 modum
676 1783 695 1827 a
720 1757 795 1828 Deo
818 1757 1011 1854 formatum
1035 1754 1141 1844 dicit,
1166 1753 1350 1826 eundem·

253 1880 326 1952 que
351 1857 508 1956 appellat
528 1860 760 1934 simulacrum
787 1861 928 1932 divinae
962 1862 1091 1940 mentis
1118 1860 1269 1954 (ἀγάλμα
1295 1874 1349 1928 τοῦ

253 1963 349 2059 θεοῦ)
390 1991 397 2034 :
425 1966 536 2062 ipsam
563 1967 650 2038 adeo
671 1968 801 2039 mentis
834 1967 907 2037 vim
945 1964 1045 2036 nulla
1086 1963 1153 2034 alia
1180 1965 1346 2061 imagine

251 2080 355 2164 putat
382 2073 501 2167 aptius
526 2099 624 2169 posse
661 2074 918 2170 repraesentari
942 2070 976 2142 ³⁰.
1006 2073 1130 2170 Neque
1157 2097 1242 2144 vero
1284 2088 1345 2146 est

251 2175 347 2270 quod
361 2175 452 2248 hanc
466 2177 736 2250 similitudinem
752 2180 941 2250 miremur:
956 2192 1166 2274 reputemus
1180 2191 1346 2274 tantum,

252 2279 371 2374 ipsum
399 2307 531 2354 nomen
559 2285 637 2354 ἰδέαν
666 2311 685 2354 a
715 2285 873 2380 corporis
900 2283 1028 2356 habitu
1052 2285 1095 2356 ad
1123 2288 1253 2356 mentis
1281 2314 1345 2359 co-

253 2385 439 2482 gitationes
476 2413 548 2460 esse
582 2387 822 2480 translatum3
855 2389 1018 2464 similiter
1053 2417 1135 2488 ergo
1165 2391 1347 2488 sphaerae

252 2490 389 2589 imago,
416 2517 525 2590 quam
546 2493 781 2594 Xenophanes
799 2497 843 2568 ad
867 2497 985 2568 Deum
1011 2495 1219 2587 transtulit,
1244 2499 1347 2572 nihil

251 2593 351 2668 aliud
375 2601 545 2694 significat
575 2603 641 2672 nisi
667 2628 784 2674 unum
813 2602 973 2684 illudet
1010 2602 1198 2700 aequabile
1225 2617 1345 2702 atque

251 2703 474 2797 perfectum,
501 2731 574 2803 quo
596 2709 715 2784 divina
746 2723 873 2781 natura
904 2711 1063 2781 cernitur
1090 2707 1126 2780 ³¹.
1192 2733 1199 2744 ·

254 2940 290 3000 ad
320 2941 461 3003 Phaedon.
491 2967 518 3024 p.
563 2945 631 3024 304.
673 2951 834 3010 Aristoteles
874 2953 947 3011 inlra
969 2951 1135 3012 laudabitur.
1164 2953 1206 3012 Dc
1232 2956 1346 3018 Stoicis

249 3031 335 3112 Diog.
367 3033 469 3104 baert,
503 3035 578 3110 Vll,
620 3037 686 3114 140.
726 3043 788 3101 coll.
827 3045 936 3122 ltlenag.
965 3045 1047 3102 Obss.
1080 3043 1225 3104 Plutarch.
1263 3047 1346 3126 plac.

157 3194 159 3202 Ι
250 3121 354 3182 Philos.
378 3123 467 3198 1,6‚
487 3127 647 3208 cujusbaec
666 3145 730 3190 sunt
758 3134 869 3193 verba:
895 3133 1072 3216 σφαιροειδὲς
1106 3135 1142 3196 dl
1165 3137 1177 3196 α’
1204 3135 1347 3216 ιε’σμοε,

250 3209 263 3271 d
291 3211 396 3273 maiam
429 3225 478 3275 τᾶν
507 3218 659 3294 exspuitur
690 3223 829 3303 πρωτεύει·
861 3227 937 3302 piros
970 3225 1023 3308 γὲρ
1054 3237 1131 3286 τοῦτο
1156 3229 1211 3286 τοῖς
1236 3229 1348 3291 favvo?

248 3303 357 3386 με’ρισυ
383 3307 528 3382 &putatne
556 3311 588 3368 ln
617 3315 716 3388 qulbus
741 3317 832 3374 verbis
861 3317 929 3374 nibil
952 3332 1011 3390 est,
1032 3317 1106 3394 quod
1133 3339 1195 3377 cum
1215 3321 1346 3382 Corsino

249 3393 358 3454 dissert.
382 3397 414 3464 l,
441 3419 469 3478 p.
492 3401 525 3468 V,
549 3421 589 3477 sq.
613 3403 776 3483 impeditum
792 3417 839 3464 aut
857 3408 986 3466 vitiosum
1002 3409 1098 3486 aliquis
1109 3411 1269 3488 putaverit,
1288 3415 1346 3490 qui

251 3483 326 3545 locos
342 3486 425 3547 modo
444 3487 572 3550 laudatos
590 3495 753 3573 inspexerit.

291 3610 353 3686 (30)
376 3610 450 3668 Tim.
480 3633 506 3692 p.
529 3611 631 3694 34-37.
651 3615 734 3694 Legg.
760 3615 807 3690 X,
826 3613 855 3678 8.
876 3639 904 3698 p.
925 3615 983 3700 897
1003 3619 1034 3678 C.
1051 3617 1112 3700 898
1128 3625 1161 3679 A.

288 3723 354 3800 (31)
378 3725 462 3782 Recte
477 3723 531 3784 hoc
543 3727 684 3786 intellexit
704 3727 902 3789 Cudworthins
917 3731 991 3812 Syst.
1007 3731 1097 3791 lntell.
1120 3753 1146 3813 p.
1163 3731 1233 3810 454.
1250 3756 1342 3812 quem

252 3839 349 3898 parum
363 3820 434 3899 juste
446 3822 652 3901 reprehendunt
666 3825 839 3884 Moshemius
854 3827 922 3887 ibid.
939 3841 998 3888 not.
1012 3851 1039 3909 p.
1063 3827 1131 3890 585.
1154 3843 1181 3888 et
1206 3829 1343 3892 Bruclrer

250 3917 324 3976 Hist.
347 3919 416 3977 Crit.
432 3919 503 3978 Phil.
519 3943 547 4001 p.
569 3923 653 3984 1150.
683 3925 728 3982 Cl.
749 3925 791 3986 Cl.
813 3927 926 3985 Cousio.
947 3949 975 4008 p.
1000 3925 1038 4008 78
1057 3929 1104 4004 qui
1122 3944 1266 4009 comparat
1294 3935 1342 3990 si-

240 4014 341 4072 milem
367 4019 575 4097 metaphoram,
595 4041 649 4098 qua
666 4023 771 4082 bonum
782 4037 810 4083 et
827 4025 929 4084 fortem
948 4027 1038 4086 virum
1048 4025 1226 4107 adpellabant
1236 4033 1339 4112 τετρί-

246 4140 337 4184 parer.
352 4115 468 4174 Aristot.
489 4117 571 4176 Rhet.
601 4119 664 4196 lll,
685 4143 729 4181 ιι.
749 4125 839 4203 princ.
