3000 4844
273 395 316 456 52
649 399 652 407 ’
671 401 947 452 comitumue

272 576 343 636 vine
363 573 550 657 perspicere,
571 582 661 654 atque
682 577 796 638 enices
815 573 1086 648 truncatam
1105 569 1186 632 stt·
1200 567 1348 644 immt-

273 707 355 760 perce
375 692 416 762 τῷ
436 685 484 760 sip
509 677 586 744 κατ’
612 681 747 743 silsi‘cs
772 683 972 757 inclitas
998 684 1047 741 rel
1068 677 1348 753 estolpspircr

273 803 342 852 κτλ,
384 785 441 844 vid
462 782 534 844 Gale
554 782 665 865 Opuso.
686 779 820 864 mythol.
842 802 875 863 p.
895 777 969 839 7³4.

315 891 486 953 Dolendum
508 911 578 950 vero
599 885 790 970 praeclarum
809 884 870 945 hoc
890 883 1049 946 exordium
1064 881 1202 964 pluribus
1215 879 1350 963 partibus

275 1007 453 1080 corruptum
473 1007 503 1058 et
522 995 696 1057 mutilatum
716 1011 792 1052 esse:
820 989 904 1074 quod
925 1011 961 1051 eo
980 988 1103 1050 sortasse
1127 987 1241 1050 factum
1267 985 1350 1070 quod

142 1171 145 1176 ,
274 1103 382 1164 Sextus
394 1148 403 1178 ,
429 1122 500 1160 curn
521 1097 724 1181 proposuisset
744 1093 801 1156 sibi
821 1093 1005 1156 Parmenidis
1026 1103 1158 1154 mentem
1178 1103 1209 1153 et
1228 1103 1351 1153 senten-

276 1209 348 1268 tiam
359 1205 533 1278 declarare,
556 1223 610 1276 ea,
624 1221 702 1284 quae
714 1199 753 1261 ad
768 1199 976 1282 descriptionis
990 1209 1131 1260 ornatum
1148 1198 1351 1281 pertinerent,

275 1312 376 1372 minus
398 1307 555 1370 curaverit.
1034 1289 1036 1294 Ι

315 1417 365 1475 Vs.
388 1417 416 1474 1.
453 1415 551 1480 Ἰποι
570 1423 623 1478 ret
640 1439 677 1493 με
697 1410 781 1493 κτλ.)
802 1411 927 1471 Initium
947 1405 1131 1491 abruptum,
1154 1421 1200 1486 et,
1223 1422 1258 1470 ut
1278 1410 1352 1472 mibi

274 1520 415 1596 ridetur,
437 1520 535 1602 capite
556 1529 741 1580 truncatum.
833 1519 916 1582 usu
936 1524 989 1582 ert
1005 1543 1042 1595 μι
1062 1520 1193 1597 pletura,
1220 1515 1354 1578 similiter

278 1647 321 1684 rs.
342 1623 403 1704 25,
432 1624 514 1686 idem
544 1625 624 1685 valet
650 1624 735 1708 quod
762 1629 841 1706 lpus
869 1625 1017 1690 mines
1037 1643 1080 1682 vs.
1103 1622 1162 1698 21,
1191 1622 1355 1705 simplicius

270 1733 353 1800 'ines
381 1735 455 1810 duel.
500 1729 662 1806 llervetus,
696 1741 814 1792 vertens
845 1751 891 1789 sse
905 1739 1026 1809 portast
1046 1749 1160 1810 quoque
1182 1731 1269 1809 equi,
1299 1749 1356 1812 pro

276 1847 327 1906 »rat
346 1857 400 1898 suo
421 1836 557 1913 arbitrio,
576 1848 611 1897 ut
630 1835 783 1897 interdum
805 1835 896 1911 lacit,
912 1833 985 1916 lep't
1005 1845 1062 1904 nat.
1084 1867 1125 1881 -
1139 1833 1299 1920 Sequentia
1315 1836 1357 1896 sic

226 1947 230 1954 ’
279 1941 468 2003 ordinanda:
500 1950 610 2024 τίμιον
627 1971 665 2022 με
685 1943 735 2025 W
755 1945 817 2012 tm
838 1949 919 2021 ὓυμδς
940 1947 1034 2008 istro.
1059 1941 1189 2004 dubium
1208 1940 1355 2024 quidem,

243 2047 246 2055 ’
280 2059 382 2109 utrum
398 2053 447 2114 ht
467 2069 538 2110 cum
558 2053 618 2118 tm
639 2075 674 2114 n
695 2071 734 2110 sn
756 2070 828 2110 cum
849 2056 937 2116 leun
953 2049 1045 2130 jungi
1065 2044 1288 2131 praestet3illa
1310 2057 1359 2106 ta·
1476 2087 1478 2091 -

277 2177 349 2215 men
370 2156 556 2216 constructio
577 2157 675 2237 aptior
696 2153 823 2216 ridetur.
866 2153 978 2214 Similis
1002 2153 1181 2237 ambiguitas
1192 2153 1281 2214 estin
1295 2149 1360 2212 aliis

279 2259 369 2336 locis,
391 2273 426 2320 ut
445 2261 594 2350 Iliadry,
618 2260 674 2322 12:

407 2373 505 2436 cleros
526 2377 570 2446 rie
590 2368 620 2433 τ’
642 2371 820 2443 tumme,
840 2370 900 2434 ten
920 2367 950 2432 τ’
971 2371 1018 2434 lul
1038 2371 1209 2440 ufir-isoes.

243 2493 246 2500 ·
282 2472 396 2556 llymn.
417 2475 451 2534 in
471 2473 573 2557 Apoll.
595 2473 652 2534 452

404 2587 503 2649 cirros
522 2582 571 2650 ἶς’
590 2585 722 2650 stom
741 2582 895 2659 ‘Reddam
909 2584 991 2649 ‘isses
1010 2585 1106 2654 Arreti.

285 2682 338 2744 ubi
359 2683 553 2746 scribendum
573 2707 680 2747 censeo
701 2689 761 2752 isos
782 2685 811 2751 r’
821 2689 893 2761 les.
914 2692 1014 2754 rietes
1026 2692 1091 2758 lert
1111 2685 1241 2770 simplex
1254 2689 1316 2754 im
1328 2713 1363 2752 rr

283 2771 434 2868 significat
454 2785 579 2850 circiter.
600 2790 662 2852 rid.
683 2789 771 2852 Iliad·
784 2804 829 2865 λ.
848 2791 910 2868 253
941 2791 1144 2854 llerodoteum
1162 2793 1264 2855 Lexic.
1278 2794 1312 2854 in
1326 2793 1361 2852 V.

283 2892 465 2955 Particulam
485 2907 540 2965 er,
559 2916 637 2979 qnae
656 2907 724 2978 post
738 2899 813 2973 iere,
833 2899 905 2971 ieet
916 2897 1025 2958 similia
1038 2897 1072 2958 in
1087 2899 1213 2983 antiquo
1225 2919 1363 2961 sermone

280 2999 438 3081 juugitur,
474 3021 573 3084 neque
592 3000 685 3078 adeo,
718 3013 753 3062 ut
772 3001 930 3084 quondam
951 3001 1134 3085 opinabatur
1154 3003 1363 3081 lleinrichius,

284 3103 336 3164 hic
365 3106 399 3166 in
431 3117 468 3187 y?
498 3106 646 3169 mutando
676 3119 743 3184 est,
772 3105 851 3170 bene
877 3108 1010 3190 explicat
1038 3109 1156 3172 l'ranle
1184 3109 1224 3170 'ad
1244 3109 1365 3170 llomeri

285 3208 398 3291 llymn.
420 3209 449 3283 1,
472 3231 513 3270 rs.
536 3209 606 3271 139.
629 3245 670 3260 -
702 3217 781 3290 θυμὸς
801 3217 908 3288 lma,
930 3213 990 3274 hoc
1011 3214 1099 3276 rslde
1112 3213 1242 3278 offendit
1271 3213 1365 3274 llein·

286 3313 417 3375 richinus
428 3361 438 3390 ,
459 3315 513 3397 qui
534 3326 653 3392 censet,
676 3326 710 3376 ut
729 3326 810 3377 recte
831 3317 961 3395 dicatur,
983 3318 1115 3400 exempli
1135 3319 1255 3400 gratia,
1271 3321 1366 3400 Ἰμιμς

287 3429 366 3503 toute
386 3428 489 3496 lassa,
509 3421 552 3482 ita
581 3421 755 3503 simpliciter
775 3430 856 3502 toute
876 3431 964 3492 laur
984 3425 1045 3486 dici
1064 3445 1129 3486 non
1149 3445 1251 3507 posse,
1272 3425 1365 3509 idque

286 3530 398 3611 puriter
418 3539 448 3590 et
468 3551 484 3588 a
506 3539 586 3590 recta
606 3525 753 3610 loquendi
773 3529 889 3590 ratione
910 3542 940 3591 et
961 3551 978 3590 a
999 3531 1128 3592 Graecae
1149 3529 1288 3590 dictionis
1309 3551 1366 3590 usu

258 3715 263 3728 .
288 3655 348 3694 esse
369 3633 514 3696 alienum.
556 3634 633 3717 Ergo
652 3649 709 3716 pro
729 3639 817 3703 tam
837 3637 944 3718 reponi
958 3635 1367 3720 anadethmquod-per

290 3741 507 3820 compendium
526 3719 767 3824 scriptum-W,
784 3741 872 3806 facile
885 3741 1078 3804 librariorum
1097 3743 1213 3806 inscitia
1232 3743 1266 3802 iu
1279 3748 1368 3810 tum

290 3848 422 3926 potuerit
437 3849 557 3910 mutari.
598 3849 795 3912 Commendat
810 3847 891 3909 banc
908 3854 1117 3933 conjecturem
1131 3847 1232 3910 multis
1248 3847 1366 3909 llomeri

289 3953 457 4033 exemplis,
478 3957 566 4037 cujus
586 3955 752 4017 dictionem
771 3975 865 4037 quam
884 3953 1058 4038 frequenter
1078 3955 1202 4016 seriores
1222 3951 1319 4032 epici,
1337 3961 1366 4012 et

290 4055 354 4135 ipse
381 4057 571 4120 Parmenides
603 4061 735 4124 imitatus
756 4062 810 4136 sit,
833 4072 942 4122 notum
963 4072 1017 4122 est.
1038 4057 1105 4118 vid.
1127 4057 1213 4120 lliad·
1236 4063 1271 4138 ζ,
1295 4053 1364 4116 439.
