3000 4844
240 375 282 434 2⁰
478 415 481 422 ·
615 388 678 440 ,on
700 385 914 436 ιιιιιιιιιιιιιιι
985 359 988 366 ’

241 555 302 644 sit,
322 593 370 608 —·
387 576 458 626 non
480 555 576 626 enim
594 555 683 626 tanti
699 553 785 628 haec
805 553 962 653 quaestio
979 564 1046 644 est,
1062 591 1110 608 -·
1122 552 1188 626 hoc
1202 553 1308 627 titulo

239 673 818 748 Parmenidiscsrmenaveteribus
826 673 933 774 vulgo
941 685 1305 773 notatumessepntet.

287 791 429 890 Duplex
450 791 571 867 sutem
588 807 641 866 est
656 792 733 894 ejus
748 807 1017 893 argumentum,
1035 795 1080 869 de
1101 797 1308 886 veritate,

239 928 275 988 et
285 915 330 988 de
340 914 624 1014 opinionibus
639 915 1088 1010 seuvisis3undeveteres
1098 915 1308 1016 pleriquein

236 1039 327 1114 duus
342 1056 463 1140 portes
481 1041 700 1132 divisemnt,
726 1053 763 1114 et
783 1041 924 1138 proprio
945 1053 1137 1140 utramque
1162 1038 1308 1114 nomine

238 1159 483 1260 designarunt,
501 1159 647 1236 alteram
666 1161 825 1260 respic
842 1160 1027 1252 ἀλήθειαν
1045 1163 1119 1236 sive
1135 1161 1223 1258 περ)
1239 1168 1308 1234 τοῦ

234 1291 388 1372 -ιοητοῦ,
399 1281 544 1356 alterum
557 1281 609 1355 ris
619 1284 711 1380 πρὸς
726 1280 845 1373 δόξαν
858 1283 930 1362 sive
944 1280 1308 1380 rsplroicisinrei

234 1404 452 1504 appellantes
470 1413 526 1478 ⁵³.
551 1404 642 1478 Hinc
660 1405 827 1479 nonnulli
846 1419 1040 1505 putarunt,
1060 1404 1310 1480 Parmenidem

236 1521 325 1600 duos
346 1524 492 1600 edidisse
510 1524 615 1600 libros
633 1526 771 1602 diverso
781 1523 1009 1626 argumento,
1029 1525 1176 1602 diversis
1197 1525 1309 1601 titulis
1361 1597 1362 1602 ,

233 1647 416 1746 inscriptos
440 1655 496 1720 ⁵⁴.
534 1645 602 1720 Sed
618 1645 682 1720 istu
701 1645 843 1738 divisio,
861 1645 974 1720 alienu
985 1673 1006 1719 a
1017 1659 1181 1720 veterum
1192 1671 1309 1738 more,

234 1765 455 1840 userius-ibus
470 1765 618 1841 demum
631 1767 777 1842 inductu
787 1782 857 1862 est,
876 1767 1106 1843 Parmenides
1117 1770 1191 1868 ipse
1207 1767 1310 1842 ambo

236 1901 445 1987 argumente
469 1913 541 1962 non
563 1887 708 1987 paribus
730 1889 828 1964 libris
849 1889 1031 1981 distinxit,
1055 1887 1117 1963 sed
1138 1887 1311 1988 colligavit

234 2033 382 2108 unoque
404 1999 643 2108 disputatione
671 2008 877 2108 complexus
903 2023 975 2104 est,
1009 2025 1054 2085 ut
1069 2011 1182 2086 etium
1210 2035 1311 2086 nunc

233 2153 280 2202 ex
305 2127 383 2227 ejus
405 2129 563 2230 reliquiis
581 2144 728 2229 apparet
751 2138 807 2203 ⁵⁵.
1170 2145 1171 2149 ’

278 2247 423 2334 ,Horum
434 2247 557 2334 sutem
574 2253 731 2350 partium
743 2249 851 2325 alteru
862 2252 933 2352 agit
945 2251 991 2327 de
1003 2267 1087 2328 ente
1098 2267 1136 2328 et
1146 2255 1311 2347 veritate3

236 2369 344 2444 alters
361 2369 406 2444 de
425 2368 533 2444 rebus
552 2368 673 2464 fluxis,
696 2371 741 2447 de
760 2372 889 2447 mundi
904 2373 1107 2474 principiis,
1128 2387 1257 2448 nutura
1275 2387 1313 2448 et

207 2501 210 2510 '
235 2490 456 2586 conditione,
475 2492 574 2566 unde
597 2493 685 2570 hoec
700 2497 906 2596 recepeperis
925 2495 1124 2596 appellatur
1139 2523 1160 2568 a
1175 2494 1314 2600 Plutar-

236 2611 303 2686 cho
321 2623 339 2667 ⁵
346 2616 378 2690 ⁶.
429 2615 528 2689 Plato
545 2631 717 2692 memorat
736 2617 986 2712 Parmenidem
1009 2621 1117 2694 etium
1144 2618 1196 2692 de
1227 2615 1313 2692 diis

235 2726 430 2837 scripsisse,
447 2739 609 2816 similiter.
626 2755 670 2814 ut
680 2741 874 2818 Hesiodum
884 2749 901 2792 ⁵
909 2747 942 2810 ⁷:
956 2740 1054 2840 quod
1064 2767 1137 2815 nou
1148 2741 1197 2814 sic
1207 2741 1313 2813 inter·
1401 2795 1406 2808 .

271 2933 327 3004 (53)
344 2937 379 2989 Ut
396 2939 502 2992 Procius
511 2943 540 2992 iu
553 2941 637 2993 Perm.
655 2941 684 2992 T.
698 2941 736 2999 tt,
753 2958 779 3010 p.
798 2943 847 2996 31⁰
867 2961 904 3014 sq.
924 2945 972 2994 sul
988 2943 1071 3002 edric
1081 2943 1263 3012 Παρμενίδης
1277 2943 1312 2991 τὰ

238 3028 288 3093 ple
305 3031 373 3098 πρὸς
390 3029 530 3098 ἀλήθειαν
549 3031 671 3102 lyparus,
689 3021 775 3084 se'et
789 3036 857 3102 πρὸς
868 3037 962 3095 δόξαν.
980 3035 1017 3086 lo.
1032 3033 1189 3102 Philoponus
1205 3029 1281 3100 Phys.
1288 3033 1311 3082 1.

236 3119 274 3171 lit.
289 3123 323 3183 Δ,
337 3137 364 3190 p.
382 3138 412 3189 9,
430 3119 466 3172 lit.
484 3123 520 3185 G,
535 3137 561 3190 p.
581 3137 617 3174 ιι.
636 3121 675 3174 ed
695 3122 815 3177 Triucsr.
835 3124 980 3194 Simplicius
995 3121 1071 3192 Phys.
1087 3125 1107 3175 t
1124 3120 1144 3174 f.
1162 3136 1177 3185 7
1194 3124 1219 3173 u

256 3203 382 3290 ¹(54)·Sic
400 3220 454 3274 lere
474 3219 639 3274 recentiores.
667 3222 707 3272 Io.
722 3221 851 3274 &modus
868 3223 896 3274 in
913 3220 1044 3292 Theophr.
1061 3217 1174 3288 metaph
1193 3218 1210 3270 t
1228 3217 1262 3281 ill
1279 3219 1312 3270 B:

237 3313 419 3384 Παρμενίδης
436 3314 544 3384 γράψας
567 3311 619 3363 δύο
638 3311 756 3377 βιβλία,
777 3311 806 3364 i'e
825 3315 896 3364 sus&
914 3317 966 3382 τὴν
985 3315 1076 3380 κοινὴν
1096 3309 1194 3372 δόξαν,
1219 3307 1314 3380 ἕτερον

240 3406 274 3458 dl
293 3411 364 3460 sucis
380 3413 433 3476 rip
450 3407 598 3475 ἀλήθειαν.
620 3404 745 3457 Similiter
760 3403 891 3458 Bermdou
907 3403 966 3459 sdr.
982 3403 1098 3456 Caluum.
1111 3401 1212 3453 Pluton.
1223 3401 1259 3464 11,
1274 3416 1313 3452 ιι.

241 3497 258 3549 t
276 3497 305 3549 δι
327 3499 354 3555 Β,
370 3496 561 3568 Lescsloperius
575 3495 609 3548 ed
626 3495 708 3548 Cicer.
726 3496 784 3547 Nst.
802 3495 879 3546 Deor.
895 3497 924 3558 1,
941 3511 967 3564 p.
987 3491 1027 3556 45.

274 3583 330 3654 (55)
348 3585 532 3640 Animadvertit
547 3584 598 3636 hoc
615 3586 667 3652 jam
683 3583 796 3638 orandis
816 3582 948 3636 atram.
965 3601 1003 3638 rs.
1022 3597 1075 3647 ¹⁰7·
1101 3579 1313 3636 commentitium

240 3687 316 3757 plene
333 3696 360 3741 et
377 3687 468 3740 fulsum
483 3695 523 3740 est
539 3685 623 3738 Procli
640 3685 782 3754 judicium.
800 3683 977 3739 Permenidem
993 3681 1167 3753 Pythsgoreos
1185 3682 1315 3735 imitatum

239 3777 321 3830 alteru
333 3778 450 3830 carminis
467 3784 542 3847 purte
559 3774 631 3846 quasi
644 3776 818 3850 luusepssroic
832 3783 859 3828 et
870 3775 1017 3842 pvovssoic
1027 3810 1034 3844 ,
1046 3775 1128 3831 alteru
1140 3773 1314 3844 ἒξιιτεριιιούς

240 3869 294 3922 sive
312 3868 482 3940 ὑπαιθρίους
502 3869 599 3938 λόγους
616 3867 776 3936 exposuisse;
798 3867 825 3918 in
841 3868 926 3920 Posm.
944 3869 972 3920 Τ.
992 3869 1030 3937 V,
1054 3885 1080 3938 p.
1099 3867 1156 3920 310.
1190 3861 1314 3918 llicnihii

241 3957 376 4012 studiosius
386 3961 448 4026 ugit,
461 3976 540 4030 quum
552 3967 582 4011 ut
592 3955 750 4010 Parmenidis
759 3957 871 4010 rationes
880 3973 941 4010 cum
952 3955 1127 4038 Pythagoricis
1137 3953 1286 4008 confundet.

272 4055 328 4124 (56)
342 4057 470 4111 Pluturciu
486 4062 595 4112 imitor.
612 4073 645 4136 p.
655 4055 704 4122 756
719 4057 748 4111 tt.
765 4055 822 4108 Vol.
839 4057 892 4120 tx,
909 4037 942 4127 p.
953 4057 993 4109 io.
1012 4053 1098 4109 liciti.

271 4155 329 4226 (59)
344 4159 417 4212 Pisto
433 4161 519 4229 Symp.
537 4177 561 4230 p.
582 4158 627 4228 195
644 4159 675 4212 C:
692 4163 728 4212 τὰ
747 4159 779 4213 di
797 4160 903 4212 calme
921 4161 1073 4230 πράγματα
1091 4161 1157 4229 περὶ
1173 4155 1274 4218 θεοὺς,
1293 4155 1320 4205 ii.
