2924 4820
556 425 639 476 vrrs
662 395 874 478 ansuinus.
1044 385 1049 396 ¹
1230 419 1250 480 5

176 593 425 668 Parmenidem
454 592 682 668 crediderunt
714 593 894 694 aliquanto
923 597 1177 697 antiquiorem,
1208 599 1247 672 iu

176 737 292 816 eoque
313 715 507 790 concinunt
526 720 611 788 cum
628 715 803 816 Diogene,
825 716 1025 791 secuudum
1042 711 1156 818 (poem
1168 719 1248 792 Par·

176 833 337 909 munides
366 833 505 908 etiamsi
536 835 732 908 diutissime
764 835 923 929 vixisset,
961 837 1086 912 fuisset
1110 853 1248 933 tamen,

176 981 297 1056 puero.
318 955 476 1050 Socrate,
512 983 585 1030 nou
619 955 722 1029 modo
749 957 897 1056 grandis
922 973 1012 1034 natu
1034 959 1095 1034 sed
1122 959 1249 1035 decre-

178 1079 273 1179 pitus
305 1091 417 1151 aetate
451 1101 579 1169 senex,
614 1091 657 1152 ut
682 1073 758 1150 'uec
791 1075 960 1152 disserere
990 1105 1074 1154 cum
1105 1107 1147 1154 eo
1183 1105 1250 1154 nec

177 1199 406 1275 disserentem
432 1198 552 1275 videre
573 1199 729 1272 Socrates
758 1202 927 1299 potuisset
955 1197 987 1274 ⁶.
1036 1201 1171 1276 Notum
1196 1215 1250 1275 est

178 1321 335 1423 quidem,
351 1321 534 1396 Platonem
549 1321 589 1394 in
613 1321 767 1422 dialogis,
789 1320 900 1422 magis
918 1325 1120 1422 argumenti
1138 1349 1250 1423 quam
1305 1379 1308 1384 .

177 1443 347 1542 temporis
366 1441 503 1516 ratione
521 1441 656 1528 habita,
675 1469 839 1542 personas
856 1443 1037 1522 interdum
1053 1469 1177 1518 secum
1186 1443 1251 1518 col·

177 1559 363 1662 loqueutes
388 1545 504 1638 lacere
533 1590 690 1665 quorum
719 1579 848 1640 aetates
876 1591 949 1638 non
966 1567 1192 1641 'conveniant
1216 1573 1251 1639 7.·

177 1685 225 1757 Et
241 1683 446 1759 conceditur
463 1687 551 1761 haec
567 1686 710 1762 libertas
727 1687 940 1763 dramaticae
950 1691 1027 1784 arti,
1048 1715 1141 1789 quae
1153 1689 1252 1796 puisi

177 1806 379 1908 propinqua
400 1823 471 1903 est,
496 1825 533 1883 at
554 1833 646 1884 num
665 1810 744 1883 ideo
765 1801 971 1884 conoessum
995 1813 1028 1884 ei
1055 1825 1146 1903 erat,
1166 1837 1253 1910 per-

177 1953 344 2002 sonarum
377 1943 506 2004 aetates
533 1944 606 2004 tam
628 1931 748 2004 stricte
779 1930 944 2024 delinire,
979 1934 1098 2030 ipsum
1130 1929 1262 2004 aetatis.

158 2065 317 2122 aunuum
332 2063 469 2142 notare,
490 2051 519 2123 si
539 2053 677 2126 veritati
697 2051 940 2151 repugnaret?
964 2054 1028 2126 Ille
1045 2065 1253 2126 autemnon

177 2167 293 2244 solum
311 2171 351 2241 in
366 2169 432 2243 boc
453 2171 602 2271 dialogo,
626 2172 742 2246 sedin
760 2173 835 2246 aliis
849 2199 1014 2276 quoque,
1038 2189 1081 2249 ut
1093 2171 1253 2272 Sophiste

177 2303 214 2362 et
239 2289 448 2382 Theaeteto,
482 2293 657 2364 Socratem
688 2291 772 2366 facit
796 2309 1149 2386 commemorantem,
1173 2321 1194 2366 a
1218 2319 1256 2368 se

177 2437 291 2510 puero
305 2437 427 2512 senem
444 2411 607 2484 nuditum
626 2413 876 2498 Parmenidem
891 2419 922 2489 Β.
964 2415 1064 2488 Dicat
1086 2415 1167 2515 quis
1182 2411 1257 2486 Pla·

177 2545 297 2605 tonem
314 2532 352 2603 in
374 2529 428 2604 his
448 2529 593 2630 dialogis
613 2531 650 2603 id
673 2534 864 2631 scripsisse,
882 2561 955 2636 quo
979 2535 1088 2632 magis
1102 2531 1257 2607 sibicon·

177 2666 300 2744 staret,
329 2665 366 2726 et
388 2679 462 2753 quo
482 2651 694 2751 probabilior
718 2650 900 2730 videretur
923 2655 1147 2729 Parmenidis
1172 2683 1258 2730 cum

177 2777 315 2850 Socrate
338 2773 542 2874 disputatio.
579 2775 627 2847 At
653 2775 852 2848 istiusmodi
882 2775 1163 2875 probabilitatem
1184 2803 1259 2852 non

83 2899 87 2908 '
178 2899 328 2996 requirit
338 2895 555 2995 dialogorum
574 2898 681 2985 ratio,
700 2912 756 2988 ut,
780 2899 809 2970 si
826 2897 1002 2998 quaedum
1023 2899 1258 2999 finganturad

177 3031 400 3116 praesentem
418 3017 693 3116 disputationem
717 3019 996 3110 accommodate,
1019 3017 1102 3091 ideo
1126 3017 1259 3094 obscu-

178 3139 288 3214 randa
312 3141 457 3214 omnino
481 3141 610 3218 veritas
634 3154 671 3214 et
693 3138 841 3215 lectores
865 3141 1011 3215 fallendi
1034 3143 1124 3233 sint,
1149 3141 1258 3212 adfir·
1288 3139 1292 3151 “

179 3361 386 3418 scomma
403 3359 572 3428 Σωκράτην,
590 3359 667 3423 piiss
685 3361 807 3428 ’gallula
821 3367 971 3427 concoct,
992 3357 1045 3425 οὐχ
1063 3356 1258 3416 decalmati-

179 3473 243 3514 τους
261 3457 355 3508 circata
371 3455 389 3520 ἢ
407 3455 522 3506 ἀκοῦσαι
542 3452 646 3520 λόγους.
687 3451 834 3504 Macrobius
856 3451 959 3500 Satura.
981 3447 1003 3506 l,
1032 3464 1060 3502 ιι
1081 3448 1202 3500 aSocrate
1221 3448 1258 3500 iu

179 3544 340 3598 Parmenides
362 3545 511 3616 antiquior,
530 3555 560 3598 ut
583 3544 659 3611 hujus
679 3539 790 3613 pueritia
807 3541 850 3590 vix
870 3537 939 3588 illius
956 3535 1156 3606 apprehenderit
1167 3551 1257 3588 acccc·

180 3642 276 3698 tutem,
299 3643 430 3688 ettamen
453 3633 599 3686 interillos
620 3629 751 3684 derebus
773 3628 859 3679 arduis
879 3625 1052 3695 disputato?⁸

211 3741 251 3808 (6)
278 3739 315 3794 Cl'.
337 3740 500 3796 casaubonus
520 3738 553 3792 ad
574 3737 666 3790 Athon.
688 3733 706 3786 l.
725 3733 742 3784 l.

211 3847 251 3911 (7)
269 3847 325 3906 Qua
342 3845 375 3898 de
395 3862 424 3897 ro
442 3845 494 3898 rid.
517 3842 602 3908 Wcllli
614 3839 738 3910 judicium
750 3835 775 3886 in
786 3833 919 3888 Proocmio
934 3833 967 3886 ad
985 3835 1088 3911 Platon„
1097 3834 1257 3904 Symposion.
1332 3890 1335 3906 ,

212 3950 341 4015 (striato
365 3948 443 4018 Sopb.
463 3967 490 4018 p.
515 3963 561 4012 217
581 3948 621 4000 Gc
649 3944 816 4015 Παρμενίδῃ
841 3941 1034 4010 παρεγενόμην
1055 3941 1106 4006 ἐγὼ
1124 3941 1185 3998 eloe
1208 3938 1259 4000 ἂν,

183 4043 285 4094 instruo
304 4042 379 4106 μάλα
394 4044 430 4111 δὴ
449 4042 513 4096 τότε
535 4040 612 4100 ὄντος
635 4036 806 4110 πρεσβύτσιν.
834 4031 940 4086 Thesei.
961 4047 985 4100 p.
1008 4031 1053 4088 183
1074 4033 1107 4082 ll:
1125 4045 1260 4095 συμπρῃς.

187 4136 262 4196 tarta
281 4138 319 4204 τῷ
338 4136 420 4202 ἀνδρὶ
440 4137 512 4188 πάνυ
526 4137 585 4192 νέος
608 4135 680 4185 πάνυ
699 4125 853 4197 πρεσβύτῃ.
