<?xml version="1.0" encoding="UTF-8"?>
<!DOCTYPE html PUBLIC "-//W3C//DTD XHTML 1.0 Transitional//EN"
    "http://www.w3.org/TR/xhtml1/DTD/xhtml1-transitional.dtd">
<html xmlns="http://www.w3.org/1999/xhtml" xml:lang="en" lang="en">
 <head>
  <title>
</title>
<meta http-equiv="Content-Type" content="text/html;charset=utf-8" />
  <meta name='ocr-system' content='tesseract 3.04.00' />
  <meta name='ocr-capabilities' content='ocr_page ocr_carea ocr_par ocr_line ocrx_word'/>
</head>
<body>
  <div class='ocr_page' id='page_1' title='image "./philosophorumgr01xenogoog_0054.png"; bbox 0 0 2870 4824; ppageno 0'>
   <div class='ocr_carea' id='block_1_1' title="bbox 303 333 933 399">
    <p class='ocr_par' dir='ltr' id='par_1_1' title="bbox 303 333 933 399">
     <span class='ocr_line' id='line_1_1' title="bbox 303 333 933 399; baseline -0.013 0"><span class='ocrx_word' id='word_1_1' title='bbox 303 333 345 399; x_wconf 85' lang='lat'><strong>18</strong></span> <span class='ocrx_word' id='word_1_2' title='bbox 740 350 933 392; x_wconf 76' lang='lat' dir='ltr'><strong>mormius</strong></span> 
     </span>
    </p>
   </div>
   <div class='ocr_carea' id='block_1_2' title="bbox 279 498 1391 3063">
    <p class='ocr_par' dir='ltr' id='par_1_2' title="bbox 279 498 1391 3063">
     <span class='ocr_line' id='line_1_2' title="bbox 300 498 1390 597; baseline -0.002 -19"><span class='ocrx_word' id='word_1_3' title='bbox 300 501 580 579; x_wconf 83' lang='lat' dir='ltr'><strong>existimandum</strong></span> <span class='ocrx_word' id='word_1_4' title='bbox 598 512 672 592; x_wconf 91' lang='lat' dir='ltr'><strong>est,</strong></span> <span class='ocrx_word' id='word_1_5' title='bbox 689 499 864 597; x_wconf 72' lang='lat' dir='ltr'><strong>poeticam</strong></span> <span class='ocrx_word' id='word_1_6' title='bbox 883 498 1098 574; x_wconf 84' lang='lat' dir='ltr'><strong>suavitatem</strong></span> <span class='ocrx_word' id='word_1_7' title='bbox 1115 499 1152 572; x_wconf 93' lang='lat' dir='ltr'><strong>ei</strong></span> <span class='ocrx_word' id='word_1_8' title='bbox 1170 525 1317 597; x_wconf 89' lang='lat' dir='ltr'><strong>prorsus</strong></span> <span class='ocrx_word' id='word_1_9' title='bbox 1331 502 1390 576; x_wconf 90' lang='lat' dir='ltr'><strong>de·</strong></span> 
     </span>
     <span class='ocr_line' id='line_1_3' title="bbox 298 604 1391 706; baseline -0.002 -23"><span class='ocrx_word' id='word_1_10' title='bbox 298 611 417 684; x_wconf 84' lang='lat' dir='ltr'><strong>luisse.</strong></span> <span class='ocrx_word' id='word_1_11' title='bbox 434 609 558 682; x_wconf 88' lang='lat' dir='ltr'><strong>Cicero</strong></span> <span class='ocrx_word' id='word_1_12' title='bbox 587 606 737 706; x_wconf 90' lang='lat' dir='ltr'><strong>quidem</strong></span> <span class='ocrx_word' id='word_1_13' title='bbox 764 630 888 680; x_wconf 88' lang='lat' dir='ltr'><strong>versus</strong></span> <span class='ocrx_word' id='word_1_14' title='bbox 913 607 993 702; x_wconf 83' lang='lat' dir='ltr'><strong>ejus</strong></span> <span class='ocrx_word' id='word_1_15' title='bbox 1017 604 1107 678; x_wconf 90' lang='lat' dir='ltr'><strong>dicit</strong></span> <span class='ocrx_word' id='word_1_16' title='bbox 1133 607 1261 680; x_wconf 89' lang='lat' dir='ltr'><strong>minus</strong></span> <span class='ocrx_word' id='word_1_17' title='bbox 1285 606 1391 681; x_wconf 89' lang='lat' dir='ltr'><strong>bonos</strong></span> 
     </span>
     <span class='ocr_line' id='line_1_4' title="bbox 298 711 1391 814; baseline -0.004 -22"><span class='ocrx_word' id='word_1_18' title='bbox 298 719 407 792; x_wconf 74' lang='lat' dir='ltr'><strong>sitisse</strong></span> <span class='ocrx_word' id='word_1_19' title='bbox 436 714 483 810; x_wconf 78' lang='lat'><strong>³⁶3</strong></span> <span class='ocrx_word' id='word_1_20' title='bbox 510 714 608 814; x_wconf 91' lang='lat' dir='ltr'><strong>quod</strong></span> <span class='ocrx_word' id='word_1_21' title='bbox 629 713 810 810; x_wconf 83' lang='lat' dir='ltr'><strong>judicium</strong></span> <span class='ocrx_word' id='word_1_22' title='bbox 845 711 962 786; x_wconf 87' lang='lat' dir='ltr'><strong>valeat</strong></span> <span class='ocrx_word' id='word_1_23' title='bbox 997 711 1046 786; x_wconf 90' lang='lat' dir='ltr'><strong>de</strong></span> <span class='ocrx_word' id='word_1_24' title='bbox 1081 712 1277 786; x_wconf 87' lang='lat' dir='ltr'><strong>nonnullis</strong></span> <span class='ocrx_word' id='word_1_25' title='bbox 1314 742 1391 788; x_wconf 91' lang='lat' dir='ltr'><strong>car-</strong></span> 
     </span>
     <span class='ocr_line' id='line_1_5' title="bbox 297 819 1390 920; baseline -0.002 -22"><span class='ocrx_word' id='word_1_26' title='bbox 297 823 482 914; x_wconf 81' lang='lat' dir='ltr'><strong>minibus,</strong></span> <span class='ocrx_word' id='word_1_27' title='bbox 511 819 715 920; x_wconf 88' lang='lat' dir='ltr'><strong>inquibus</strong></span> <span class='ocrx_word' id='word_1_28' title='bbox 749 831 961 916; x_wconf 87' lang='lat' dir='ltr'><strong>argumenta</strong></span> <span class='ocrx_word' id='word_1_29' title='bbox 993 831 1168 893; x_wconf 81' lang='lat' dir='ltr'><strong>tractaret</strong></span> <span class='ocrx_word' id='word_1_30' title='bbox 1212 823 1390 896; x_wconf 89' lang='lat' dir='ltr'><strong>recondita</strong></span> 
     </span>
     <span class='ocr_line' id='line_1_6' title="bbox 298 925 1388 1026; baseline -0.004 -20"><span class='ocrx_word' id='word_1_31' title='bbox 298 945 374 1008; x_wconf 85' lang='lat' dir='ltr'><strong>e&#39;ta</strong></span> <span class='ocrx_word' id='word_1_32' title='bbox 400 931 571 1004; x_wconf 87' lang='lat' dir='ltr'><strong>sermonis</strong></span> <span class='ocrx_word' id='word_1_33' title='bbox 597 927 861 1001; x_wconf 86' lang='lat' dir='ltr'><strong>consuetudine</strong></span> <span class='ocrx_word' id='word_1_34' title='bbox 891 939 929 999; x_wconf 93' lang='lat' dir='ltr'><strong>et</strong></span> <span class='ocrx_word' id='word_1_35' title='bbox 952 925 1131 1026; x_wconf 82' lang='lat' dir='ltr'><strong>elegantia</strong></span> <span class='ocrx_word' id='word_1_36' title='bbox 1172 931 1388 1022; x_wconf 82' lang='lat' dir='ltr'><strong>remotiora,</strong></span> 
     </span>
     <span class='ocr_line' id='line_1_7' title="bbox 299 1035 1389 1131; baseline -0.006 -17"><span class='ocrx_word' id='word_1_37' title='bbox 299 1065 375 1114; x_wconf 91' lang='lat' dir='ltr'><strong>non</strong></span> <span class='ocrx_word' id='word_1_38' title='bbox 396 1052 519 1111; x_wconf 85' lang='lat' dir='ltr'><strong>tamen</strong></span> <span class='ocrx_word' id='word_1_39' title='bbox 547 1036 585 1108; x_wconf 93' lang='lat' dir='ltr'><strong>id</strong></span> <span class='ocrx_word' id='word_1_40' title='bbox 607 1037 648 1108; x_wconf 93' lang='lat' dir='ltr'><strong>in</strong></span> <span class='ocrx_word' id='word_1_41' title='bbox 680 1047 791 1106; x_wconf 87' lang='lat' dir='ltr'><strong>totam</strong></span> <span class='ocrx_word' id='word_1_42' title='bbox 814 1037 893 1129; x_wconf 87' lang='lat' dir='ltr'><strong>ejus</strong></span> <span class='ocrx_word' id='word_1_43' title='bbox 916 1035 1040 1131; x_wconf 71' lang='lat' dir='ltr'><strong>poesin</strong></span> <span class='ocrx_word' id='word_1_44' title='bbox 1069 1037 1294 1129; x_wconf 88' lang='lat' dir='ltr'><strong>convenire,</strong></span> <span class='ocrx_word' id='word_1_45' title='bbox 1334 1064 1389 1110; x_wconf 92' lang='lat' dir='ltr'><strong>ar-</strong></span> 
     </span>
     <span class='ocr_line' id='line_1_8' title="bbox 298 1139 1388 1244; baseline -0.003 -26"><span class='ocrx_word' id='word_1_46' title='bbox 298 1157 420 1244; x_wconf 88' lang='lat' dir='ltr'><strong>guunt</strong></span> <span class='ocrx_word' id='word_1_47' title='bbox 448 1146 545 1242; x_wconf 87' lang='lat' dir='ltr'><strong>ipsae</strong></span> <span class='ocrx_word' id='word_1_48' title='bbox 569 1141 767 1240; x_wconf 84' lang='lat' dir='ltr'><strong>elegiarum</strong></span> <span class='ocrx_word' id='word_1_49' title='bbox 806 1139 1001 1238; x_wconf 88' lang='lat' dir='ltr'><strong>reliquiae,</strong></span> <span class='ocrx_word' id='word_1_50' title='bbox 1034 1165 1132 1238; x_wconf 89' lang='lat' dir='ltr'><strong>qnae</strong></span> <span class='ocrx_word' id='word_1_51' title='bbox 1171 1143 1240 1214; x_wconf 84' lang='lat' dir='ltr'><strong>etsi</strong></span> <span class='ocrx_word' id='word_1_52' title='bbox 1278 1145 1388 1216; x_wconf 91' lang='lat' dir='ltr'><strong>inter-</strong></span> 
     </span>
     <span class='ocr_line' id='line_1_9' title="bbox 298 1247 1388 1345; baseline -0.003 -20"><span class='ocrx_word' id='word_1_53' title='bbox 298 1252 389 1326; x_wconf 91' lang='lat' dir='ltr'><strong>dum</strong></span> <span class='ocrx_word' id='word_1_54' title='bbox 414 1275 488 1321; x_wconf 93' lang='lat' dir='ltr'><strong>non</strong></span> <span class='ocrx_word' id='word_1_55' title='bbox 513 1250 619 1320; x_wconf 90' lang='lat' dir='ltr'><strong>nimis</strong></span> <span class='ocrx_word' id='word_1_56' title='bbox 651 1247 824 1338; x_wconf 87' lang='lat' dir='ltr'><strong>limatae,</strong></span> <span class='ocrx_word' id='word_1_57' title='bbox 858 1259 980 1319; x_wconf 87' lang='lat' dir='ltr'><strong>tamen</strong></span> <span class='ocrx_word' id='word_1_58' title='bbox 1009 1248 1163 1345; x_wconf 90' lang='lat' dir='ltr'><strong>antiquo</strong></span> <span class='ocrx_word' id='word_1_59' title='bbox 1195 1251 1388 1322; x_wconf 85' lang='lat' dir='ltr'><strong>venustatis</strong></span> 
     </span>
     <span class='ocr_line' id='line_1_10' title="bbox 298 1353 1386 1454; baseline -0.001 -25"><span class='ocrx_word' id='word_1_60' title='bbox 298 1355 416 1430; x_wconf 92' lang='lat' dir='ltr'><strong>colore</strong></span> <span class='ocrx_word' id='word_1_61' title='bbox 437 1358 569 1428; x_wconf 84' lang='lat' dir='ltr'><strong>tinctae</strong></span> <span class='ocrx_word' id='word_1_62' title='bbox 586 1365 682 1426; x_wconf 90' lang='lat' dir='ltr'><strong>sunt.</strong></span> <span class='ocrx_word' id='word_1_63' title='bbox 701 1353 911 1426; x_wconf 83' lang='lat' dir='ltr'><strong>Athenaeus</strong></span> <span class='ocrx_word' id='word_1_64' title='bbox 927 1378 1012 1428; x_wconf 86' lang='lat' dir='ltr'><strong>vero</strong></span> <span class='ocrx_word' id='word_1_65' title='bbox 1034 1355 1146 1426; x_wconf 89' lang='lat' dir='ltr'><strong>etiam</strong></span> <span class='ocrx_word' id='word_1_66' title='bbox 1164 1353 1386 1454; x_wconf 84' lang='lat' dir='ltr'><strong>diligentiam</strong></span> 
     </span>
     <span class='ocr_line' id='line_1_11' title="bbox 298 1458 1386 1562; baseline -0.005 -22"><span class='ocrx_word' id='word_1_67' title='bbox 298 1467 380 1560; x_wconf 87' lang='lat' dir='ltr'><strong>ejus</strong></span> <span class='ocrx_word' id='word_1_68' title='bbox 414 1464 455 1534; x_wconf 89' lang='lat' dir='ltr'><strong>in</strong></span> <span class='ocrx_word' id='word_1_69' title='bbox 492 1461 653 1538; x_wconf 78' lang='lat' dir='ltr'><strong>semibus</strong></span> <span class='ocrx_word' id='word_1_70' title='bbox 689 1459 815 1534; x_wconf 90' lang='lat' dir='ltr'><strong>laudat</strong></span> <span class='ocrx_word' id='word_1_71' title='bbox 839 1458 895 1530; x_wconf 74' lang='lat'><strong>³7:</strong></span> <span class='ocrx_word' id='word_1_72' title='bbox 926 1460 1014 1534; x_wconf 91' lang='lat' dir='ltr'><strong>dicit</strong></span> <span class='ocrx_word' id='word_1_73' title='bbox 1041 1463 1144 1535; x_wconf 89' lang='lat' dir='ltr'><strong>enim</strong></span> <span class='ocrx_word' id='word_1_74' title='bbox 1198 1461 1386 1562; x_wconf 85' lang='lat' dir='ltr'><strong>Xenopha-</strong></span> 
     </span>
     <span class='ocr_line' id='line_1_12' title="bbox 279 1565 1386 1668; baseline -0.002 -24"><span class='ocrx_word' id='word_1_75' title='bbox 279 1597 408 1661; x_wconf 84' lang='lat' dir='ltr'><strong>nem,</strong></span> <span class='ocrx_word' id='word_1_76' title='bbox 427 1581 472 1642; x_wconf 89' lang='lat' dir='ltr'><strong>ut</strong></span> <span class='ocrx_word' id='word_1_77' title='bbox 501 1581 538 1641; x_wconf 89' lang='lat' dir='ltr'><strong>et</strong></span> <span class='ocrx_word' id='word_1_78' title='bbox 568 1567 759 1660; x_wconf 88' lang='lat' dir='ltr'><strong>Solonem,</strong></span> <span class='ocrx_word' id='word_1_79' title='bbox 788 1565 1051 1666; x_wconf 86' lang='lat' dir='ltr'><strong>Theognidem,</strong></span> <span class='ocrx_word' id='word_1_80' title='bbox 1081 1566 1246 1666; x_wconf 91' lang='lat' dir='ltr'><strong>aliosque</strong></span> <span class='ocrx_word' id='word_1_81' title='bbox 1251 1621 1266 1656; x_wconf 91' lang='lat'><strong>,</strong></span> <span class='ocrx_word' id='word_1_82' title='bbox 1295 1569 1386 1668; x_wconf 90' lang='lat' dir='ltr'><strong>quod</strong></span> 
     </span>
     <span class='ocr_line' id='line_1_13' title="bbox 298 1673 1384 1772; baseline -0.004 -20"><span class='ocrx_word' id='word_1_83' title='bbox 298 1677 473 1752; x_wconf 85' lang='lat' dir='ltr'><strong>musicam</strong></span> <span class='ocrx_word' id='word_1_84' title='bbox 491 1674 773 1748; x_wconf 89' lang='lat' dir='ltr'><strong>modulationem</strong></span> <span class='ocrx_word' id='word_1_85' title='bbox 785 1673 972 1772; x_wconf 73' lang='grc' dir='ltr'>(μελῳδίαν)</span> <span class='ocrx_word' id='word_1_86' title='bbox 984 1673 1209 1748; x_wconf 87' lang='lat' dir='ltr'><strong>carminibus</strong></span> <span class='ocrx_word' id='word_1_87' title='bbox 1229 1677 1304 1750; x_wconf 89' lang='lat' dir='ltr'><strong>suis</strong></span> <span class='ocrx_word' id='word_1_88' title='bbox 1317 1702 1384 1748; x_wconf 92' lang='lat' dir='ltr'><strong>non</strong></span> 
     </span>
     <span class='ocr_line' id='line_1_14' title="bbox 299 1781 1384 1880; baseline -0.002 -22"><span class='ocrx_word' id='word_1_89' title='bbox 299 1783 531 1876; x_wconf 87' lang='lat' dir='ltr'><strong>adhiberent,</strong></span> <span class='ocrx_word' id='word_1_90' title='bbox 549 1809 592 1856; x_wconf 93' lang='lat' dir='ltr'><strong>eo</strong></span> <span class='ocrx_word' id='word_1_91' title='bbox 610 1781 817 1880; x_wconf 89' lang='lat' dir='ltr'><strong>diligentius</strong></span> <span class='ocrx_word' id='word_1_92' title='bbox 839 1783 1001 1855; x_wconf 91' lang='lat' dir='ltr'><strong>numeris</strong></span> <span class='ocrx_word' id='word_1_93' title='bbox 1019 1794 1057 1855; x_wconf 93' lang='lat' dir='ltr'><strong>et</strong></span> <span class='ocrx_word' id='word_1_94' title='bbox 1073 1809 1248 1858; x_wconf 83' lang='lat' dir='ltr'><strong>mensura</strong></span> <span class='ocrx_word' id='word_1_95' title='bbox 1269 1810 1384 1858; x_wconf 84' lang='lat' dir='ltr'><strong>versus</strong></span> 
     </span>
     <span class='ocr_line' id='line_1_15' title="bbox 298 1888 1382 1988; baseline -0.002 -22"><span class='ocrx_word' id='word_1_96' title='bbox 298 1917 381 1966; x_wconf 87' lang='lat' dir='ltr'><strong>suos</strong></span> <span class='ocrx_word' id='word_1_97' title='bbox 401 1890 597 1964; x_wconf 86' lang='lat' dir='ltr'><strong>elaborasse</strong></span> <span class='ocrx_word' id='word_1_98' title='bbox 622 1916 630 1960; x_wconf 77' lang='grc' dir='ltr'><strong><em>ι</em></strong></span> <span class='ocrx_word' id='word_1_99' title='bbox 654 1893 692 1962; x_wconf 92' lang='lat' dir='ltr'><strong>in</strong></span> <span class='ocrx_word' id='word_1_100' title='bbox 719 1914 835 1988; x_wconf 90' lang='lat' dir='ltr'><strong>eoque</strong></span> <span class='ocrx_word' id='word_1_101' title='bbox 858 1888 923 1962; x_wconf 89' lang='lat' dir='ltr'><strong>hos</strong></span> <span class='ocrx_word' id='word_1_102' title='bbox 946 1894 1067 1986; x_wconf 71' lang='lat' dir='ltr'><strong>poetas</strong></span> <span class='ocrx_word' id='word_1_103' title='bbox 1088 1889 1239 1966; x_wconf 83' lang='lat' dir='ltr'><strong>differre</strong></span> <span class='ocrx_word' id='word_1_104' title='bbox 1261 1891 1306 1964; x_wconf 91' lang='lat' dir='ltr'><strong>ab</strong></span> <span class='ocrx_word' id='word_1_105' title='bbox 1328 1917 1382 1964; x_wconf 85' lang='lat' dir='ltr'><strong>an·</strong></span> 
     </span>
     <span class='ocr_line' id='line_1_16' title="bbox 298 1995 1383 2095; baseline 0.001 -26"><span class='ocrx_word' id='word_1_106' title='bbox 298 1996 517 2095; x_wconf 89' lang='lat' dir='ltr'><strong>tiquioribus</strong></span> <span class='ocrx_word' id='word_1_107' title='bbox 557 1997 768 2094; x_wconf 80' lang='lat' dir='ltr'><strong>praesertim</strong></span> <span class='ocrx_word' id='word_1_108' title='bbox 802 1995 984 2087; x_wconf 88' lang='lat' dir='ltr'><strong>Homero,</strong></span> <span class='ocrx_word' id='word_1_109' title='bbox 1027 1997 1092 2094; x_wconf 88' lang='lat' dir='ltr'><strong>qui</strong></span> <span class='ocrx_word' id='word_1_110' title='bbox 1126 1999 1288 2070; x_wconf 84' lang='lat' dir='ltr'><strong>carmina</strong></span> <span class='ocrx_word' id='word_1_111' title='bbox 1324 2024 1383 2070; x_wconf 88' lang='lat' dir='ltr'><strong>sua</strong></span> 
     </span>
     <span class='ocr_line' id='line_1_17' title="bbox 298 2103 1381 2202; baseline -0.001 -25"><span class='ocrx_word' id='word_1_112' title='bbox 298 2105 443 2178; x_wconf 89' lang='lat' dir='ltr'><strong>musicis</strong></span> <span class='ocrx_word' id='word_1_113' title='bbox 464 2105 577 2176; x_wconf 90' lang='lat' dir='ltr'><strong>modis</strong></span> <span class='ocrx_word' id='word_1_114' title='bbox 598 2103 822 2202; x_wconf 84' lang='lat' dir='ltr'><strong>potissimum</strong></span> <span class='ocrx_word' id='word_1_115' title='bbox 845 2103 1159 2198; x_wconf 88' lang='lat' dir='ltr'><strong>accommodasset,</strong></span> <span class='ocrx_word' id='word_1_116' title='bbox 1188 2118 1381 2180; x_wconf 88' lang='lat' dir='ltr'><strong>metrorum</strong></span> 
     </span>
     <span class='ocr_line' id='line_1_18' title="bbox 298 2207 1383 2308; baseline 0 -26"><span class='ocrx_word' id='word_1_117' title='bbox 298 2223 424 2283; x_wconf 84' lang='lat' dir='ltr'><strong>autem</strong></span> <span class='ocrx_word' id='word_1_118' title='bbox 447 2211 569 2282; x_wconf 86' lang='lat' dir='ltr'><strong>minus</strong></span> <span class='ocrx_word' id='word_1_119' title='bbox 588 2209 712 2282; x_wconf 86' lang='lat' dir='ltr'><strong>fuisset</strong></span> <span class='ocrx_word' id='word_1_120' title='bbox 732 2207 894 2308; x_wconf 90' lang='lat' dir='ltr'><strong>diligens.</strong></span> <span class='ocrx_word' id='word_1_121' title='bbox 924 2210 1019 2282; x_wconf 88' lang='lat' dir='ltr'><strong>Huic</strong></span> <span class='ocrx_word' id='word_1_122' title='bbox 1043 2209 1229 2286; x_wconf 83' lang='lat' dir='ltr'><strong>Athenaei</strong></span> <span class='ocrx_word' id='word_1_123' title='bbox 1250 2225 1383 2286; x_wconf 86' lang='lat' dir='ltr'><strong>senten·</strong></span> 
     </span>
     <span class='ocr_line' id='line_1_19' title="bbox 299 2315 1381 2419; baseline 0.001 -31"><span class='ocrx_word' id='word_1_124' title='bbox 299 2316 371 2390; x_wconf 89' lang='lat' dir='ltr'><strong>tiae</strong></span> <span class='ocrx_word' id='word_1_125' title='bbox 385 2341 459 2388; x_wconf 89' lang='lat' dir='ltr'><strong>non</strong></span> <span class='ocrx_word' id='word_1_126' title='bbox 473 2315 588 2389; x_wconf 84' lang='lat' dir='ltr'><strong>obstat</strong></span> <span class='ocrx_word' id='word_1_127' title='bbox 603 2315 770 2414; x_wconf 86' lang='lat' dir='ltr'><strong>Diogenis</strong></span> <span class='ocrx_word' id='word_1_128' title='bbox 786 2317 1033 2390; x_wconf 89' lang='lat' dir='ltr'><strong>testimonium</strong></span> <span class='ocrx_word' id='word_1_129' title='bbox 1050 2318 1154 2416; x_wconf 92' lang='lat' dir='ltr'><strong>quod</strong></span> <span class='ocrx_word' id='word_1_130' title='bbox 1174 2345 1284 2419; x_wconf 88' lang='lat' dir='ltr'><strong>supra</strong></span> <span class='ocrx_word' id='word_1_131' title='bbox 1304 2344 1381 2417; x_wconf 92' lang='lat' dir='ltr'><strong>pro·</strong></span> 
     </span>
     <span class='ocr_line' id='line_1_20' title="bbox 298 2423 1382 2524; baseline 0 -28"><span class='ocrx_word' id='word_1_132' title='bbox 298 2423 463 2515; x_wconf 84' lang='lat' dir='ltr'><strong>tulimus,</strong></span> <span class='ocrx_word' id='word_1_133' title='bbox 477 2423 734 2524; x_wconf 85' lang='lat' dir='ltr'><strong>Xenophanem</strong></span> <span class='ocrx_word' id='word_1_134' title='bbox 756 2423 930 2522; x_wconf 58' lang='lat' dir='ltr'><strong>padprhcar</strong></span> <span class='ocrx_word' id='word_1_135' title='bbox 945 2451 1009 2499; x_wconf 90' lang='lat' dir='ltr'><strong>sua</strong></span> <span class='ocrx_word' id='word_1_136' title='bbox 1028 2429 1201 2500; x_wconf 84' lang='lat' dir='ltr'><strong>carmina.</strong></span> <span class='ocrx_word' id='word_1_137' title='bbox 1218 2427 1382 2521; x_wconf 86' lang='lat' dir='ltr'><strong>Quamvis</strong></span> 
     </span>
     <span class='ocr_line' id='line_1_21' title="bbox 299 2530 1379 2629; baseline 0 -23"><span class='ocrx_word' id='word_1_138' title='bbox 299 2533 398 2606; x_wconf 91' lang='lat' dir='ltr'><strong>enim</strong></span> <span class='ocrx_word' id='word_1_139' title='bbox 424 2557 465 2604; x_wconf 91' lang='lat' dir='ltr'><strong>ea</strong></span> <span class='ocrx_word' id='word_1_140' title='bbox 480 2530 627 2629; x_wconf 88' lang='lat' dir='ltr'><strong>publice</strong></span> <span class='ocrx_word' id='word_1_141' title='bbox 644 2534 863 2624; x_wconf 86' lang='lat' dir='ltr'><strong>recitaverit,</strong></span> <span class='ocrx_word' id='word_1_142' title='bbox 888 2532 988 2607; x_wconf 89' lang='lat' dir='ltr'><strong>aliud</strong></span> <span class='ocrx_word' id='word_1_143' title='bbox 1012 2545 1133 2606; x_wconf 88' lang='lat' dir='ltr'><strong>tamen</strong></span> <span class='ocrx_word' id='word_1_144' title='bbox 1159 2547 1214 2608; x_wconf 89' lang='lat' dir='ltr'><strong>est</strong></span> <span class='ocrx_word' id='word_1_145' title='bbox 1236 2535 1281 2608; x_wconf 90' lang='lat' dir='ltr'><strong>ad</strong></span> <span class='ocrx_word' id='word_1_146' title='bbox 1301 2559 1379 2606; x_wconf 91' lang='lat' dir='ltr'><strong>mu·</strong></span> 
     </span>
     <span class='ocr_line' id='line_1_22' title="bbox 297 2639 1378 2740; baseline 0.001 -27"><span class='ocrx_word' id='word_1_147' title='bbox 297 2641 455 2713; x_wconf 90' lang='lat' dir='ltr'><strong>sicorum</strong></span> <span class='ocrx_word' id='word_1_148' title='bbox 485 2640 606 2712; x_wconf 90' lang='lat' dir='ltr'><strong>modos</strong></span> <span class='ocrx_word' id='word_1_149' title='bbox 640 2664 768 2712; x_wconf 90' lang='lat' dir='ltr'><strong>canere</strong></span> <span class='ocrx_word' id='word_1_150' title='bbox 798 2641 983 2732; x_wconf 88' lang='lat' dir='ltr'><strong>carmina,</strong></span> <span class='ocrx_word' id='word_1_151' title='bbox 1016 2639 1117 2714; x_wconf 93' lang='lat' dir='ltr'><strong>aliud</strong></span> <span class='ocrx_word' id='word_1_152' title='bbox 1148 2643 1378 2740; x_wconf 88' lang='lat' dir='ltr'><strong>pronuntiare</strong></span> 
     </span>
     <span class='ocr_line' id='line_1_23' title="bbox 296 2745 1377 2847; baseline 0 -27"><span class='ocrx_word' id='word_1_153' title='bbox 296 2747 371 2820; x_wconf 90' lang='lat' dir='ltr'><strong>sive</strong></span> <span class='ocrx_word' id='word_1_154' title='bbox 389 2771 461 2818; x_wconf 86' lang='lat' dir='ltr'><strong>assa</strong></span> <span class='ocrx_word' id='word_1_155' title='bbox 480 2771 567 2820; x_wconf 89' lang='lat' dir='ltr'><strong>voce</strong></span> <span class='ocrx_word' id='word_1_156' title='bbox 584 2747 657 2821; x_wconf 86' lang='lat' dir='ltr'><strong>sive</strong></span> <span class='ocrx_word' id='word_1_157' title='bbox 678 2745 723 2818; x_wconf 90' lang='lat' dir='ltr'><strong>ad</strong></span> <span class='ocrx_word' id='word_1_158' title='bbox 740 2745 913 2818; x_wconf 81' lang='lat' dir='ltr'><strong>citharam</strong></span> <span class='ocrx_word' id='word_1_159' title='bbox 928 2776 938 2840; x_wconf 87' lang='lat'>;</span> <span class='ocrx_word' id='word_1_160' title='bbox 963 2745 1057 2820; x_wconf 90' lang='lat' dir='ltr'><strong>illud</strong></span> <span class='ocrx_word' id='word_1_161' title='bbox 1080 2751 1281 2847; x_wconf 83' lang='lat' dir='ltr'><strong>graviorem</strong></span> <span class='ocrx_word' id='word_1_162' title='bbox 1297 2773 1377 2822; x_wconf 90' lang='lat' dir='ltr'><strong>mu-</strong></span> 
     </span>
     <span class='ocr_line' id='line_1_24' title="bbox 296 2851 1377 2952; baseline 0.005 -28"><span class='ocrx_word' id='word_1_163' title='bbox 296 2877 372 2924; x_wconf 83' lang='lat' dir='ltr'><strong>sam</strong></span> <span class='ocrx_word' id='word_1_164' title='bbox 394 2851 504 2950; x_wconf 90' lang='lat' dir='ltr'><strong>magis</strong></span> <span class='ocrx_word' id='word_1_165' title='bbox 527 2851 698 2943; x_wconf 91' lang='lat' dir='ltr'><strong>decebat,</strong></span> <span class='ocrx_word' id='word_1_166' title='bbox 723 2851 790 2925; x_wconf 91' lang='lat' dir='ltr'><strong>hoo</strong></span> <span class='ocrx_word' id='word_1_167' title='bbox 815 2852 1022 2952; x_wconf 86' lang='lat' dir='ltr'><strong>simpliciori</strong></span> <span class='ocrx_word' id='word_1_168' title='bbox 1046 2867 1084 2928; x_wconf 90' lang='lat' dir='ltr'><strong>et</strong></span> <span class='ocrx_word' id='word_1_169' title='bbox 1109 2857 1279 2930; x_wconf 86' lang='lat' dir='ltr'><strong>severiori</strong></span> <span class='ocrx_word' id='word_1_170' title='bbox 1301 2858 1377 2952; x_wconf 87' lang='lat' dir='ltr'><strong>poe&#39;·</strong></span> 
     </span>
     <span class='ocr_line' id='line_1_25' title="bbox 298 2961 1377 3063; baseline -0.002 -29"><span class='ocrx_word' id='word_1_171' title='bbox 298 2985 373 3034; x_wconf 88' lang='lat' dir='ltr'><strong>seos</strong></span> <span class='ocrx_word' id='word_1_172' title='bbox 393 2961 517 3057; x_wconf 89' lang='lat' dir='ltr'><strong>generi</strong></span> <span class='ocrx_word' id='word_1_173' title='bbox 548 2961 649 3059; x_wconf 90' lang='lat' dir='ltr'><strong>prins</strong></span> <span class='ocrx_word' id='word_1_174' title='bbox 671 2961 977 3034; x_wconf 86' lang='lat' dir='ltr'><strong>accommodatum</strong></span> <span class='ocrx_word' id='word_1_175' title='bbox 1006 2961 1128 3035; x_wconf 81' lang='lat' dir='ltr'><strong>erat³⁸.</strong></span> <span class='ocrx_word' id='word_1_176' title='bbox 1154 2963 1377 3063; x_wconf 85' lang='lat' dir='ltr'><strong>Quamquam</strong></span> 
     </span>
    </p>
   </div>
   <div class='ocr_carea' id='block_1_3' title="bbox 295 3207 1375 4026">
    <p class='ocr_par' dir='ltr' id='par_1_3' title="bbox 336 3207 876 3287">
     <span class='ocr_line' id='line_1_26' title="bbox 336 3207 876 3287; baseline 0 -17"><span class='ocrx_word' id='word_1_177' title='bbox 336 3208 401 3287; x_wconf 89' lang='grc'>(36)</span> <span class='ocrx_word' id='word_1_178' title='bbox 421 3207 511 3270; x_wconf 79' lang='lat' dir='ltr'><strong>head.</strong></span> <span class='ocrx_word' id='word_1_179' title='bbox 533 3218 639 3286; x_wconf 89' lang='lat' dir='ltr'><strong>quaest.</strong></span> <span class='ocrx_word' id='word_1_180' title='bbox 662 3207 703 3270; x_wconf 80' lang='grc' dir='ltr'><em>Ν</em></span> <span class='ocrx_word' id='word_1_181' title='bbox 716 3254 724 3282; x_wconf 91' lang='grc'><strong><em>,</em></strong></span> <span class='ocrx_word' id='word_1_182' title='bbox 746 3211 795 3270; x_wconf 82' lang='lat'><strong>23.</strong></span> <span class='ocrx_word' id='word_1_183' title='bbox 873 3207 876 3214; x_wconf 59' lang='lat'>‘</span> 
     </span>
    </p>

    <p class='ocr_par' dir='ltr' id='par_1_4' title="bbox 295 3298 1375 4026">
     <span class='ocr_line' id='line_1_27' title="bbox 339 3298 1375 3384; baseline -0.002 -23"><span class='ocrx_word' id='word_1_184' title='bbox 339 3299 407 3384; x_wconf 76' lang='grc'>(37)</span> <span class='ocrx_word' id='word_1_185' title='bbox 429 3299 565 3360; x_wconf 80' lang='lat' dir='ltr'><strong>Athenaei</strong></span> <span class='ocrx_word' id='word_1_186' title='bbox 584 3299 670 3360; x_wconf 80' lang='lat' dir='ltr'><strong>verbs</strong></span> <span class='ocrx_word' id='word_1_187' title='bbox 690 3299 781 3378; x_wconf 82' lang='lat' dir='ltr'><strong>XIV,</strong></span> <span class='ocrx_word' id='word_1_188' title='bbox 800 3322 829 3382; x_wconf 91' lang='lat' dir='ltr'><strong>p.</strong></span> <span class='ocrx_word' id='word_1_189' title='bbox 849 3298 927 3374; x_wconf 76' lang='lat'><strong>632,</strong></span> <span class='ocrx_word' id='word_1_190' title='bbox 947 3301 981 3360; x_wconf 89' lang='lat' dir='ltr'><strong>D.</strong></span> <span class='ocrx_word' id='word_1_191' title='bbox 1003 3300 1071 3361; x_wconf 87' lang='lat' dir='ltr'><strong>baec</strong></span> <span class='ocrx_word' id='word_1_192' title='bbox 1090 3313 1158 3361; x_wconf 88' lang='lat' dir='ltr'><strong>sunt</strong></span> <span class='ocrx_word' id='word_1_193' title='bbox 1179 3327 1185 3361; x_wconf 94' lang='lat'><strong>:</strong></span> <span class='ocrx_word' id='word_1_194' title='bbox 1213 3305 1375 3368; x_wconf 81' lang='lat' dir='ltr'><strong>Homerus,</strong></span> 
     </span>
     <span class='ocr_line' id='line_1_28' title="bbox 296 3379 1375 3472; baseline -0.004 -22"><span class='ocrx_word' id='word_1_195' title='bbox 296 3389 389 3470; x_wconf 84' lang='lat' dir='ltr'><strong>lnquit</strong></span> <span class='ocrx_word' id='word_1_196' title='bbox 400 3434 408 3464; x_wconf 97' lang='lat'><strong>,</strong></span> <span class='ocrx_word' id='word_1_197' title='bbox 429 3385 482 3450; x_wconf 61' lang='lat' dir='ltr'><strong>dui</strong></span> <span class='ocrx_word' id='word_1_198' title='bbox 501 3379 792 3466; x_wconf 67' lang='lat' dir='ltr'><strong>ripespistoxosrniraes</strong></span> <span class='ocrx_word' id='word_1_199' title='bbox 814 3399 907 3451; x_wconf 67' lang='grc' dir='ltr'><strong><em>τοῖο-νιν</em></strong></span> <span class='ocrx_word' id='word_1_200' title='bbox 921 3391 1017 3451; x_wconf 77' lang='grc' dir='ltr'><strong><em>ιὀιοοοΐι·</em></strong></span> <span class='ocrx_word' id='word_1_201' title='bbox 1034 3387 1083 3459; x_wconf 74' lang='lat' dir='ltr'><strong>sris</strong></span> <span class='ocrx_word' id='word_1_202' title='bbox 1101 3389 1226 3467; x_wconf 78' lang='grc' dir='ltr'><strong><em>ποιίιοιν,</em></strong></span> <span class='ocrx_word' id='word_1_203' title='bbox 1245 3387 1375 3472; x_wconf 65' lang='grc' dir='ltr'><strong><em>ἄφροντιν-ἰ</em></strong></span> 
     </span>
     <span class='ocr_line' id='line_1_29' title="bbox 297 3475 1375 3564; baseline -0.003 -22"><span class='ocrx_word' id='word_1_204' title='bbox 297 3479 360 3542; x_wconf 71' lang='lat' dir='ltr'><strong>‘rotis</strong></span> <span class='ocrx_word' id='word_1_205' title='bbox 385 3477 504 3540; x_wconf 58' lang='lat' dir='ltr'><strong>rotharis</strong></span> <span class='ocrx_word' id='word_1_206' title='bbox 526 3481 683 3556; x_wconf 75' lang='grc' dir='ltr'><strong><em>οἰνιιφοῖλοος</em></strong></span> <span class='ocrx_word' id='word_1_207' title='bbox 705 3482 780 3541; x_wconf 64' lang='lat' dir='ltr'><strong>ratri</strong></span> <span class='ocrx_word' id='word_1_208' title='bbox 799 3478 895 3556; x_wconf 67' lang='grc' dir='ltr'><strong><em>σι’χοος</em></strong></span> <span class='ocrx_word' id='word_1_209' title='bbox 916 3479 963 3542; x_wconf 69' lang='lat' dir='ltr'><strong>nai</strong></span> <span class='ocrx_word' id='word_1_210' title='bbox 984 3479 1142 3564; x_wconf 66' lang='lat' dir='ltr'><strong>bayaepotie,</strong></span> <span class='ocrx_word' id='word_1_211' title='bbox 1167 3479 1209 3544; x_wconf 72' lang='lat' dir='ltr'><strong>irs</strong></span> <span class='ocrx_word' id='word_1_212' title='bbox 1236 3479 1274 3543; x_wconf 71' lang='lat' dir='ltr'><strong>di</strong></span> <span class='ocrx_word' id='word_1_213' title='bbox 1294 3475 1375 3559; x_wconf 68' lang='lat' dir='ltr'><strong>prtov&#39;·</strong></span> 
     </span>
     <span class='ocr_line' id='line_1_30' title="bbox 298 3567 1374 3656; baseline -0.004 -22"><span class='ocrx_word' id='word_1_214' title='bbox 298 3595 365 3656; x_wconf 76' lang='lat' dir='ltr'><strong>pons·</strong></span> <span class='ocrx_word' id='word_1_215' title='bbox 385 3573 530 3648; x_wconf 59' lang='grc' dir='ltr'><strong><em>Ξενοφάνης</em></strong></span> <span class='ocrx_word' id='word_1_216' title='bbox 554 3573 592 3634; x_wconf 71' lang='lat' dir='ltr'><strong>dl</strong></span> <span class='ocrx_word' id='word_1_217' title='bbox 618 3571 665 3635; x_wconf 71' lang='lat' dir='ltr'><strong>nai</strong></span> <span class='ocrx_word' id='word_1_218' title='bbox 686 3574 776 3634; x_wconf 69' lang='grc' dir='ltr'><strong><em>Σέλοιν</em></strong></span> <span class='ocrx_word' id='word_1_219' title='bbox 796 3573 843 3634; x_wconf 72' lang='grc' dir='ltr'><strong>κιο)</strong></span> <span class='ocrx_word' id='word_1_220' title='bbox 863 3573 979 3648; x_wconf 62' lang='grc' dir='ltr'><strong><em>Θέογνις</em></strong></span> <span class='ocrx_word' id='word_1_221' title='bbox 1000 3573 1048 3635; x_wconf 73' lang='lat' dir='ltr'><strong>sei</strong></span> <span class='ocrx_word' id='word_1_222' title='bbox 1069 3573 1237 3644; x_wconf 57' lang='lat' dir='ltr'><strong>moeotidas</strong></span> <span class='ocrx_word' id='word_1_223' title='bbox 1247 3621 1257 3648; x_wconf 87' lang='lat'><strong>,</strong></span> <span class='ocrx_word' id='word_1_224' title='bbox 1280 3574 1321 3636; x_wconf 77' lang='lat' dir='ltr'><strong>irs</strong></span> <span class='ocrx_word' id='word_1_225' title='bbox 1342 3567 1374 3632; x_wconf 66' lang='lat' dir='ltr'><strong>dl</strong></span> 
     </span>
     <span class='ocr_line' id='line_1_31' title="bbox 295 3661 1375 3746; baseline 0 -23"><span class='ocrx_word' id='word_1_226' title='bbox 295 3661 458 3746; x_wconf 55' lang='grc' dir='ltr'><strong>Περίανδρος</strong></span> <span class='ocrx_word' id='word_1_227' title='bbox 485 3666 498 3726; x_wconf 76' lang='grc' dir='ltr'><strong>ο’</strong></span> <span class='ocrx_word' id='word_1_228' title='bbox 527 3663 665 3744; x_wconf 61' lang='grc' dir='ltr'><strong><em>Κορίνθιος</em></strong></span> <span class='ocrx_word' id='word_1_229' title='bbox 691 3665 891 3740; x_wconf 60' lang='lat' dir='ltr'><strong>tumescunt,</strong></span> <span class='ocrx_word' id='word_1_230' title='bbox 917 3663 963 3726; x_wconf 72' lang='lat' dir='ltr'><strong>sai</strong></span> <span class='ocrx_word' id='word_1_231' title='bbox 984 3675 1033 3726; x_wconf 67' lang='grc' dir='ltr'><strong>οόν</strong></span> <span class='ocrx_word' id='word_1_232' title='bbox 1060 3677 1158 3729; x_wconf 69' lang='grc' dir='ltr'><strong><em>λοιπῧν</em></strong></span> <span class='ocrx_word' id='word_1_233' title='bbox 1187 3670 1211 3728; x_wconf 81' lang='grc' dir='ltr'><strong>ον’</strong></span> <span class='ocrx_word' id='word_1_234' title='bbox 1237 3664 1278 3744; x_wconf 64' lang='grc' dir='ltr'><strong>μοι’</strong></span> <span class='ocrx_word' id='word_1_235' title='bbox 1302 3684 1375 3744; x_wconf 69' lang='grc' dir='ltr'><strong><em>προι-</em></strong></span> 
     </span>
     <span class='ocr_line' id='line_1_32' title="bbox 296 3751 1373 3836; baseline -0.004 -22"><span class='ocrx_word' id='word_1_236' title='bbox 296 3752 410 3826; x_wconf 62' lang='lat' dir='ltr'><strong>dyona</strong></span> <span class='ocrx_word' id='word_1_237' title='bbox 437 3753 501 3836; x_wconf 61' lang='lat' dir='ltr'><strong>spis</strong></span> <span class='ocrx_word' id='word_1_238' title='bbox 526 3751 563 3815; x_wconf 75' lang='lat' dir='ltr'><strong>rei</strong></span> <span class='ocrx_word' id='word_1_239' title='bbox 587 3754 733 3834; x_wconf 69' lang='grc' dir='ltr'><strong><em>ποινῖμοιτα</em></strong></span> <span class='ocrx_word' id='word_1_240' title='bbox 756 3754 925 3834; x_wconf 59' lang='grc' dir='ltr'><strong>μιλςιὸιίν,</strong></span> <span class='ocrx_word' id='word_1_241' title='bbox 952 3759 1092 3818; x_wconf 61' lang='lat' dir='ltr'><strong>intorsit-r</strong></span> <span class='ocrx_word' id='word_1_242' title='bbox 1119 3754 1181 3819; x_wconf 70' lang='lat' dir='ltr'><strong>rods</strong></span> <span class='ocrx_word' id='word_1_243' title='bbox 1205 3757 1300 3834; x_wconf 63' lang='grc' dir='ltr'><strong><em>οἴχοιο</em></strong></span> <span class='ocrx_word' id='word_1_244' title='bbox 1322 3753 1373 3813; x_wconf 69' lang='grc' dir='ltr'><strong><em>τοῖς</em></strong></span> 
     </span>
     <span class='ocr_line' id='line_1_33' title="bbox 297 3845 1372 3931; baseline 0.004 -25"><span class='ocrx_word' id='word_1_245' title='bbox 297 3847 429 3926; x_wconf 61' lang='lat' dir='ltr'><strong>ips-ipsis</strong></span> <span class='ocrx_word' id='word_1_246' title='bbox 450 3849 497 3907; x_wconf 74' lang='lat' dir='ltr'><strong>nai</strong></span> <span class='ocrx_word' id='word_1_247' title='bbox 517 3857 553 3931; x_wconf 67' lang='grc' dir='ltr'><strong>τῇ</strong></span> <span class='ocrx_word' id='word_1_248' title='bbox 573 3845 651 3922; x_wconf 75' lang='grc' dir='ltr'><strong><em>τιν’ξιι</em></strong></span> <span class='ocrx_word' id='word_1_249' title='bbox 674 3859 725 3908; x_wconf 66' lang='grc' dir='ltr'><strong>οὖν</strong></span> <span class='ocrx_word' id='word_1_250' title='bbox 744 3847 869 3930; x_wconf 75' lang='grc' dir='ltr'><strong><em>μιίρον,</em></strong></span> <span class='ocrx_word' id='word_1_251' title='bbox 891 3847 938 3910; x_wconf 73' lang='lat' dir='ltr'><strong>sai</strong></span> <span class='ocrx_word' id='word_1_252' title='bbox 962 3861 1106 3912; x_wconf 71' lang='grc' dir='ltr'><strong><em>σκοποῦσιν</em></strong></span> <span class='ocrx_word' id='word_1_253' title='bbox 1128 3845 1197 3912; x_wconf 72' lang='lat' dir='ltr'><strong>laroc</strong></span> <span class='ocrx_word' id='word_1_254' title='bbox 1219 3853 1302 3911; x_wconf 72' lang='grc' dir='ltr'><strong><em>οιιῖτοῖν</em></strong></span> <span class='ocrx_word' id='word_1_255' title='bbox 1319 3871 1372 3924; x_wconf 73' lang='grc' dir='ltr'><strong>μι-</strong></span> 
     </span>
     <span class='ocr_line' id='line_1_34' title="bbox 296 3934 1092 4026; baseline 0.006 -31"><span class='ocrx_word' id='word_1_256' title='bbox 296 3934 358 3999; x_wconf 63' lang='lat' dir='ltr'><strong>sats</strong></span> <span class='ocrx_word' id='word_1_257' title='bbox 378 3937 520 4012; x_wconf 73' lang='grc' dir='ltr'><strong><em>οἱνιίφοιλοι</em></strong></span> <span class='ocrx_word' id='word_1_258' title='bbox 543 3936 605 4003; x_wconf 72' lang='lat' dir='ltr'><strong>irae</strong></span> <span class='ocrx_word' id='word_1_259' title='bbox 626 3936 700 4017; x_wconf 74' lang='grc' dir='ltr'><strong><em>μιῖτι</em></strong></span> <span class='ocrx_word' id='word_1_260' title='bbox 721 3937 844 4022; x_wconf 69' lang='grc' dir='ltr'><strong><em>λοιγιιροί</em></strong></span> <span class='ocrx_word' id='word_1_261' title='bbox 864 3943 938 4018; x_wconf 69' lang='lat' dir='ltr'><strong>puin</strong></span> <span class='ocrx_word' id='word_1_262' title='bbox 962 3939 1092 4026; x_wconf 70' lang='lat' dir='ltr'><strong>pericopas.</strong></span> 
     </span>
    </p>
   </div>
   <div class='ocr_carea' id='block_1_4' title="bbox 338 4027 918 4114">
    <p class='ocr_par' dir='ltr' id='par_1_5' title="bbox 338 4027 918 4114">
     <span class='ocr_line' id='line_1_35' title="bbox 338 4027 918 4114; baseline 0.007 -26"><span class='ocrx_word' id='word_1_263' title='bbox 338 4027 401 4109; x_wconf 87' lang='grc'>(38)</span> <span class='ocrx_word' id='word_1_264' title='bbox 425 4029 507 4089; x_wconf 84' lang='lat' dir='ltr'><strong>Conl.</strong></span> <span class='ocrx_word' id='word_1_265' title='bbox 528 4032 631 4090; x_wconf 85' lang='lat' dir='ltr'><strong>Cousin</strong></span> <span class='ocrx_word' id='word_1_266' title='bbox 652 4030 672 4090; x_wconf 90' lang='lat' dir='ltr'><strong>l.</strong></span> <span class='ocrx_word' id='word_1_267' title='bbox 691 4031 710 4091; x_wconf 89' lang='lat' dir='ltr'><strong>l.</strong></span> <span class='ocrx_word' id='word_1_268' title='bbox 729 4053 758 4113; x_wconf 87' lang='lat' dir='ltr'><strong>p.</strong></span> <span class='ocrx_word' id='word_1_269' title='bbox 783 4054 819 4114; x_wconf 88' lang='lat'><strong>¹9</strong></span> <span class='ocrx_word' id='word_1_270' title='bbox 825 4077 835 4109; x_wconf 95' lang='lat'><strong>,</strong></span> <span class='ocrx_word' id='word_1_271' title='bbox 859 4045 918 4092; x_wconf 85' lang='lat' dir='ltr'><strong>not.</strong></span> 
     </span>
    </p>
   </div>
   <div class='ocr_carea' id='block_1_5' title="bbox 0 0 1440 4824">
    <p class='ocr_par' dir='ltr' id='par_1_6' title="bbox 0 0 1440 4824">
     <span class='ocr_line' id='line_1_36' title="bbox 0 0 1440 4824; baseline 0 1"><span class='ocrx_word' id='word_1_272' title='bbox 0 0 1440 4824; x_wconf 95' lang='lat' dir='ltr'><strong> </strong></span> 
     </span>
    </p>
   </div>
  </div>
 </body>
</html>
