2942 4830
293 397 357 459 212
685 413 732 458 us
756 409 995 459 carnuntum.

288 577 581 652 nobis-videmur.
619 575 849 650 Illnd'tamen
871 575 1076 668 didicimus,
1096 589 1139 648 ut
1156 597 1368 664 caveamus,

289 725 336 773 ne
358 699 495 773 serioris
513 699 633 772 aetatis
655 699 814 771 notiones
833 719 918 770 oum
940 695 1036 770 illius
1059 699 1195 770 ratione
1215 696 1370 768 confun-
1460 747 1461 796 t

289 820 432 912 damus,
453 817 513 892 sed
531 820 699 919 exipsius
712 819 830 918 potius
843 817 959 894 verbis
970 831 1006 890 et
1017 817 1152 918 placitis
1162 816 1372 891 studeamus
1460 895 1461 924 i

289 955 446 1014 mentem
469 939 547 1040 ejus
566 963 786 1040 cognoscere.

337 1062 563 1136 Parmenides
585 1064 693 1162 igitur
715 1063 753 1136 in
780 1063 944 1136 carminis
968 1061 1111 1137 exordio
1137 1061 1370 1136 consideran-

289 1183 373 1258 dam
395 1184 460 1258 sibi
481 1185 648 1284 proponit
668 1209 740 1257 non
763 1183 891 1258 mundi
912 1199 1102 1277 naturam,
1136 1209 1209 1256 non
1231 1183 1371 1282 prinoi-

288 1306 346 1404 pia
375 1331 518 1398 rerum,
549 1331 623 1379 nou
652 1331 811 1378 caussam
839 1305 1019 1396 universi,
1039 1303 1101 1379 sed
1124 1303 1233 1378 solam
1254 1303 1372 1380 veri·

288 1427 446 1520 tatem3
477 1451 607 1501 verum
632 1439 754 1500 autern
776 1427 916 1500 censuit
936 1451 1052 1519 esse,
1078 1427 1103 1499 i.
1127 1451 1160 1500 e.
1187 1425 1370 1498 notionem

288 1577 308 1622 a
329 1546 489 1622 sensibus
505 1561 691 1643 remotam,
708 1573 754 1621 ex
766 1547 839 1647 ipsa
856 1548 966 1621 animi
981 1545 1191 1622 conscientia
1203 1545 1369 1638 ductam,

287 1669 397 1769 idque
414 1667 521 1770 quale
540 1669 585 1740 sit
602 1666 799 1742 describere
818 1694 999 1768 aggressus
1015 1682 1087 1759 est,
1104 1668 1196 1740 notis
1215 1691 1288 1740 non
1302 1693 1368 1740 ex-

286 1790 461 1862 trinsecus
480 1787 613 1888 petitis,
635 1786 696 1862 sed
719 1813 765 1862 ex
783 1789 857 1886 ipsa
880 1793 931 1864 rei
951 1804 1079 1864 natura
1100 1787 1281 1863 deductis:
1305 1788 1367 1862 de·

286 1911 392 1988 traxit
412 1909 457 1982 ab
479 1935 522 1983 eo
543 1935 796 2010 quaecumque
818 1937 903 1985 cnm
923 1910 1084 1986 sensibus
1104 1925 1141 1985 et
1156 1937 1282 1985 rerum
1299 1937 1368 1984 na-

285 2047 367 2107 tura
389 2030 546 2132 aliquam
567 2029 738 2104 habereut
760 2033 1067 2124 communionem,
1089 2031 1254 2132 adjunxit
1273 2059 1366 2134 quae

285 2153 433 2252 simplici
451 2178 491 2226 ac
512 2151 626 2226 stabili
640 2151 1010 2230 naturae‘viderentur
1021 2181 1231 2254 congruere.
1267 2155 1366 2228 Hanc

285 2287 406 2346 autem
422 2276 574 2374 speciem
592 2275 630 2346 in
648 2287 770 2348 mente
781 2277 984 2374 repositam,
998 2275 1099 2352 velut
1115 2291 1283 2351 naturam
1302 2303 1365 2376 per

285 2419 323 2469 se
343 2408 563 2468 constantem
585 2395 757 2493 expressit
778 2410 814 2469 et
835 2397 1012 2474 formavit.
1047 2397 1251 2472 Parmenidi
1272 2397 1364 2474 banc

283 2513 551 2615 philosophandi
584 2516 679 2591 viam
712 2531 968 2596 monstraverat
998 2517 1250 2618 Xenophanes.
1301 2521 1362 2596 Hic

283 2661 377 2710 esse
408 2651 580 2712 statuerat
608 2639 765 2732 Deum,
795 2640 932 2740 Deique
961 2655 1128 2716 naturam
1151 2641 1191 2712 in
1213 2639 1362 2719 essentia

282 2757 488 2853 praesertim
500 2773 683 2856 posuerat,
698 2759 910 2851 ille,omissa
923 2763 987 2836 Dei
1000 2764 1159 2859 notione,
1172 2791 1271 2838 esse
1291 2768 1362 2841 sive
1460 2827 1461 2838 ,

282 2900 358 2950 ens
370 2879 489 2976 ipsum
500 2903 563 2978 per
576 2877 866 2974 seocnsideravit,
877 2909 1030 2985 eamque
1044 2887 1226 2960 notionem
1242 2903 1362 2963 mente

282 2999 574 3097 comprehensam
592 3002 694 3100 quasi
716 3001 897 3077 mundum
912 3004 1096 3106 quendam
1112 3011 1286 3108 expressit
1306 3011 1362 3082 ad-

282 3119 460 3219 spectabili
486 3123 623 3196 mundo
643 3125 855 3224 oppositum.
908 3125 1002 3201 Haeo
1025 3143 1078 3202 est
1108 3157 1249 3204 summa
1272 3131 1363 3208 Par-

281 3241 696 3342 menideaesententiae,
715 3243 760 3318 ad
782 3273 894 3346 quam
917 3251 1127 3350 praecipuae
1155 3252 1233 3350 ejus
1253 3282 1363 3355 argu-

282 3364 516 3438 mentationes
531 3366 755 3439 referuntur:
773 3393 885 3466 quarn
898 3370 927 3441 si
939 3372 1064 3445 merito
1074 3375 1258 3449 aestimare
1276 3377 1364 3452 veli-

282 3509 383 3576 mus,
404 3485 556 3560 dubium
571 3485 715 3562 videtur
732 3503 858 3563 utrum
869 3487 1047 3566 laudanda
1061 3497 1169 3594 magis
1184 3496 1228 3567 sit
1245 3523 1293 3569 an
1305 3526 1364 3573 re-

281 3603 545 3704 prehendenda.
591 3605 756 3709 Namque
780 3636 872 3686 esse
899 3611 1171 3690 demonstrando
1198 3623 1362 3717 opposuit

281 3751 318 3798 se
340 3725 381 3797 iis
400 3731 466 3826 qui
483 3728 634 3804 fluere
658 3745 694 3803 et
717 3737 882 3807 mutari
906 3739 1024 3810 omnia
1045 3735 1228 3832 docerent,
1251 3739 1362 3816 dubi-

279 3848 419 3920 tationis
444 3848 638 3954 nebulam,
660 3881 772 3955 quam
794 3857 855 3932 ‘isti
883 3857 990 3933 rebus
1012 3861 1179 3934 omnibus
1203 3860 1361 3937 obduce-

281 3983 372 4060 rent,
385 3969 533 4070 disjeeit,
545 4001 585 4048 ac
604 3977 1044 4056 veritatisfundamentum
1056 3985 1175 4082 posuit
1186 3984 1360 4087 tale,quo

281 4085 417 4163 sublato
435 4095 622 4170 consistere
644 4112 680 4170 et
702 4123 888 4175 remanere
915 4101 1004 4176 nibil
1030 4105 1145 4202 possit
1195 4105 1358 4182 Praecla-
