2870 4824
488 325 669 408 armoniae.

77 508 106 582 15
145 509 202 578 aire
224 515 283 603 γὰρ
307 517 333 576 εἰ
358 511 467 588 πύκτης
494 513 609 602 ἀγαθὸς
636 511 729 578 λαοῖσι
753 507 875 599 μετείη,

233 608 291 684 αἴτ’
320 623 346 685 εἰ
373 619 577 702 πενταθλεῖν,
605 613 669 685 οὔτε
694 615 956 705 παλαισμοσύνην,

144 725 196 794 aidi
215 727 268 814 μὲν
294 729 320 791 εἴ
338 741 476 814 ταχυτῆτι
494 724 610 815 ποδῶν,
633 731 719 818 τόπερ
744 720 793 804 iga
819 728 953 816 πρότιμον

231 828 356 926 ῥώμης,
382 825 445 902 ὁ’σσ’
471 833 581 927 ἀνδρῶν
605 825 668 927 ἔργ’
693 837 725 900 ἐν
749 838 837 922 ἀγῶνι
857 831 960 912 nabet,

144 938 268 1010 triveam
294 937 336 1008 ab
366 939 401 1022 δὴ
422 943 532 1032 μᾶλλον
560 947 589 1010 ἐν
619 942 728 1030 εὐνομίῃ
752 939 834 1013 πόλις
856 941 913 1017 ε’ίη·

74 1069 105 1116 20
232 1052 353 1142 σμικρὸν
378 1039 403 1117 δ’
427 1047 467 1116 ἄν
493 1075 520 1116 τι
544 1050 624 1118 πόλει
648 1057 754 1142 χάρμα
782 1037 879 1138 γένοιτ’
904 1045 949 1114 ἐπὶ
970 1037 1033 1134 τῷ,

142 1161 203 1230 εἴτις
231 1157 384 1224 ἀεθλεύων
412 1154 484 1249 νικῷ
512 1153 608 1226 Πίσαο
634 1145 700 1249 παρ’
726 1150 847 1243 ὄχθας·

234 1264 263 1332 αι’
290 1270 350 1360 γὰρ
373 1273 478 1335 πιαίνει
508 1276 599 1333 ταῦτα
630 1263 734 1353 μυχοὺς
754 1262 874 1338 πόλεως.

103 1525 141 1574 τε.
169 1527 197 1572 1.
223 1511 250 1571 εἰ
266 1507 333 1594 μὲν.
362 1499 502 1578 Wakef.
533 1499 628 1602 Sylv.
651 1501 737 1574 Crit.
760 1503 817 1596 Π,
856 1530 892 1602 p.
929 1504 979 1603 49
1001 1527 1122 1578 emen-

72 1603 113 1676 dat
133 1617 156 1674 εἵ
180 1637 258 1697 κεν,
287 1608 400 1708 idque
427 1607 741 1708 Schweighttusero
765 1623 804 1684 et
835 1610 914 1682 aliis
939 1609 1125 1709 probabile

74 1713 180 1808 risum,
207 1717 294 1815 quia
319 1716 467 1788 morin
494 1717 637 1814 apodosi
667 1741 717 1788 vs.
744 1713 769 1786 6
794 1717 920 1791 eadem
948 1713 1126 1815 particula

74 1821 228 1916 repetitur.
257 1823 307 1894 Et
334 1849 418 1896 sane
445 1848 556 1922 quam
582 1820 685 1895 facile
710 1822 822 1894 fuerit
845 1823 908 1896 bas
925 1849 1027 1900 voces
1042 1849 1126 1897 con-

75 1927 218 2022 fundere,
249 1931 464 2028 permutatis
491 1929 604 2002 literis
630 1931 665 1999 K
691 1941 728 2002 et
757 1929 808 2016 M,
840 1955 860 2002 e
890 1931 999 2001 Bastii
1022 1929 1125 2001 Com-

74 2046 157 2105 nent.
170 2033 350 2135 Palaeogr.
368 2037 446 2132 post
459 2033 677 2134 Gregorium
694 2035 854 2106 Corinth.
872 2035 928 2108 ed.
948 2034 1125 2108 Schaefer.
1179 2079 1184 2088 ·

74 2163 98 2234 p.
120 2167 200 2239 721,
223 2154 261 2216 et
283 2141 427 2215 Alberti
453 2154 612 2214 annotat.
636 2141 680 2214 ad
698 2140 849 2240 Hesych.
879 2163 913 2217 v.
940 2145 1127 2234 ἐπιλήκηιος,

75 2246 137 2350 disci
159 2261 287 2348 potest.
317 2251 451 2322 Tamen
474 2275 592 2349 quum
612 2275 687 2322 non
713 2260 858 2348 pateat,
884 2273 931 2320 an
952 2245 1129 2346 particula

75 2358 111 2444 μὲν
129 2355 383 2454 superioribus,
412 2381 507 2456 quae
532 2356 634 2430 nobis
646 2357 851 2456 perierunt,
875 2355 1021 2428 fortasse
1047 2365 1130 2452 apta

76 2459 180 2553 berit,
201 2463 296 2536 nihil
314 2463 534 2537 mutandum
560 2476 659 2564 puto.

108 2593 148 2642 rs.
166 2567 197 2641 3.
225 2577 288 2668 πὰρ
308 2571 404 2662 Πιζσαο
418 2571 493 2670 ῥοῆς.
513 2570 737 2670 Plerumque
759 2565 910 2641 inludis
936 2565 1130 2666 Olympicis

75 2674 293 2768 praedicandis
317 2703 392 2750 non
423 2676 561 2751 flumen
587 2683 702 2770 Pisa,
728 2675 791 2750 sed
817 2673 939 2750 civitas
969 2673 1131 2770 ejusdem

76 2784 202 2854 nominis
240 2796 465 2858 memoratur
500 2785 579 2862 tovi
618 2810 740 2873 sacra,
770 2781 870 2882 apud
901 2806 1012 2880 quam
1043 2781 1132 2856 festa

76 2891 242 2962 certamina
269 2890 468 2990 agebantur
498 2919 505 2962 :
536 2891 582 2965 de
607 2917 680 2991 qua
704 2889 811 2990 plura
837 2888 958 2966 notavi
981 2889 1021 2960 in
1045 2889 1132 2987 Spe-

75 2994 135 3067 cin.
159 2997 300 3074 Pindar.
328 3026 364 3099 p.
382 2997 433 3100 69
462 3025 513 3098 sq.
531 2999 736 3101 Stephanus
761 3001 845 3107 Byz.
870 3009 993 3070 tamen
1014 2995 1132 3070 dicit:

80 3375 105 3436 15
156 3381 218 3444 Non
238 3385 331 3460 enim,
352 3385 377 3444 si
395 3383 486 3445 bonus
506 3381 585 3466 pugil
601 3383 638 3442 sit
655 3383 687 3442 in
706 3381 840 3457 civitate,

158 3485 204 3534 aut
224 3475 403 3554 quinquertio
423 3473 523 3556 aliquis
542 3473 680 3534 exceliens
700 3484 748 3532 aut
768 3471 845 3531 lucta

159 3577 205 3624 ant
222 3564 327 3647 pedum
345 3565 494 3629 velocitate
514 3586 584 3645 quae
604 3576 646 3624 est
664 3564 761 3624 robori
776 3559 978 3637 anteferenda,

158 3653 247 3736 (quae
265 3668 332 3715 aunt
350 3655 472 3717 virorum
491 3657 522 3714 in
543 3653 616 3716 ludis
636 3654 787 3714 certamina
797 3649 828 3732 5)

158 3741 220 3805 ideo
240 3747 391 3805 constituta
407 3744 506 3805 melius
522 3757 550 3804 et
571 3755 678 3804 morata
695 3743 782 3826 suerit
800 3737 964 3822 respublica.

158 3831 276 3896 Parvum
294 3833 378 3896 modo
395 3833 528 3915 gaudium
546 3834 644 3896 civitas
661 3831 729 3891 inde
747 3831 841 3912 capit,

159 3924 182 3982 si
202 3926 351 3986 certamine
370 3923 468 4004 aliquis
485 3925 586 3988 vicerit
605 3919 642 3982 ad
661 3922 740 3981 Pisae
760 3919 854 4001 ripas:

161 4033 216 4075 non
235 4016 310 4077 enim
328 4013 455 4078 ditantur
473 4013 518 4080 his
536 4013 640 4084 civim
658 4011 725 4075 foci·
