2924 4820
240 367 303 430 182
645 389 683 430 nn
706 389 897 436 xsnonnsnts
972 443 975 450 Ι

233 553 384 613 naturae
411 543 549 614 veritati
577 543 685 639 magis
716 542 905 615 videantur
931 566 1138 640 congruere.
1164 543 1314 614 Terram

233 645 317 720 facit
330 647 438 720 totius
451 647 580 720 mundi
592 648 811 745 principium
830 661 867 720 et
883 647 1181 740 fundamentum
1192 673 1317 746 quae-

233 778 391 856 cumque
404 755 442 824 in
459 751 556 826 coelo
576 754 781 852 gignantur,
805 753 1088 827 exhalationibus
1107 766 1143 824 et
1165 778 1314 826 concre-

232 861 390 934 tionibus
428 848 505 935 lieii
532 875 676 954 censet,
706 863 824 934 omnia
860 863 1017 960 denique
1044 861 1141 934 fluxa
1173 885 1246 934 esse
1274 873 1318 934 et

232 965 429 1039 mutabilia.
457 967 571 1040 Multa
597 967 726 1066 placita
752 994 836 1042 cum
861 967 937 1041 aliis
962 981 1127 1044 veterum
1153 991 1316 1067 praeser-

232 1075 298 1144 tim
322 1075 450 1146 Ionicis
477 1073 604 1147 habuit
625 1077 854 1166 communia,
877 1078 941 1175 qui
968 1075 1074 1174 plura
1096 1075 1205 1147 etiam
1220 1101 1313 1146 acu-

123 1263 126 1270 *
230 1180 303 1251 tius
315 1191 352 1252 et
366 1179 573 1278 diligentius
593 1183 807 1279 perscrutati
828 1195 938 1255 sunt:
964 1184 1062 1256 unde
1078 1208 1151 1254 non
1174 1183 1315 1254 mirum

229 1311 317 1358 eum
339 1285 550 1386 inphysicis
571 1313 644 1359 non
661 1314 826 1386 magnam
849 1287 1073 1362 nobilitatem
1100 1313 1173 1362 esse
1196 1287 1315 1383 adep-

229 1405 327 1486 tum,
348 1407 386 1466 et
406 1394 634 1468 Aristotelem
651 1397 690 1467 in
702 1409 904 1469 ceterorum
919 1397 1054 1495 placitis
1071 1394 1336 1470 memorandis·

228 1497 340 1596 hujus
365 1499 505 1574 nullam
529 1527 645 1599 paene
672 1502 792 1576 fecisse
823 1503 1054 1576 mentionem.

276 1773 351 1867 Qui
366 1787 489 1849 autem
506 1774 614 1848 talem
636 1775 845 1846 informaret
864 1799 988 1846 rerum
1003 1785 1191 1864 naturam,
1210 1773 1316 1847 hunc

226 1905 300 1951 non
321 1882 456 1953 mirum
474 1893 526 1955 est
548 1883 656 1954 etiam
675 1879 838 1980 vulgares
857 1879 1124 1977 superstitiones
1146 1892 1316 1952 contem-

226 1985 308 2058 sisse
340 1998 377 2058 et
403 1987 665 2062 divinationem
691 1985 884 2060 sustulisse·
915 1987 1016 2057 Hanc
1042 1985 1076 2056 ci
1096 1985 1315 2058 sententiam

226 2091 355 2164 tribuit
381 2091 504 2164 Cicero
533 2093 652 2166 Divin.
682 2093 723 2182 Ι,
752 2089 773 2161 3
800 2120 809 2164 ε
834 2093 864 2162 Ε
896 2089 1136 2190 philosophis,
1161 2093 1312 2189 inquit,

230 2221 250 2268 s
266 2209 309 2268 ut
333 2197 379 2268 de
402 2198 656 2295 antiquissimis
678 2195 825 2295 loquar,
856 2195 1096 2294 Colophonius
1120 2195 1313 2294 Xenopha-

227 2329 249 2374 n
277 2327 368 2395 nes,
398 2329 496 2376 unus
528 2306 594 2402 qui
618 2295 717 2377 ¹Deos
753 2328 827 2376 esse
855 2301 1021 2396 diceret,
1052 2303 1313 2379 divinationem

227 2441 246 2478 a
278 2409 443 2484 funditus
466 2409 638 2504 sustulit3
656 2407 788 2506 reliqui
809 2434 896 2484 vero
921 2435 1044 2482 omnes
1063 2423 1205 2508 praeter
1220 2411 1314 2508 Epi-

228 2544 249 2588 »
277 2543 409 2592 curum
438 2575 444 2588 .
475 2575 483 2588 .
513 2573 521 2588 .
551 2574 558 2589 .
586 2519 845 2594 divinationem
865 2517 1313 2614 probaverunt.»Quam-

228 2625 280 2698 vis
304 2649 388 2698 vero
416 2624 645 2722 Xenoplranis
670 2623 784 2698 menti
810 2625 1005 2699 convenire
1031 2624 1194 2700 videatur
1220 2625 1314 2698 haec

229 2731 374 2828 opinio,
399 2743 522 2802 tamen
540 2756 614 2802 non
632 2735 713 2802 satis
730 2743 826 2804 certa
842 2743 896 2804 est
907 2731 1092 2804 'Ciceronis
1108 2733 1311 2803 auctoritas.

229 2837 266 2906 Si
297 2848 441 2909 tontum
462 2836 598 2910 diceret
624 2837 889 2934 Xenophanem
918 2838 968 2908 ita
993 2837 1163 2926 sensisse,
1194 2849 1315 2934 posset

229 2941 394 3038 probari3
420 2968 539 3042 quum
572 2969 657 3020 vero
678 2957 822 3042 praeter
850 2943 1049 3040 Epicurum
1074 2943 1173 3016 hunc
1190 2969 1314 3015 unum

227 3050 323 3120 inter
347 3052 608 3149 antiquissimos
630 3052 738 3124 luisse
762 3051 847 3122 dicit
874 3051 939 3148 qui
962 3049 1221 3123 divinationem
1242 3049 1312 3121 tol-

224 3153 341 3248 leret,
367 3182 588 3256 quamquam
613 3157 711 3231 idem
738 3185 758 3228 a
789 3155 981 3228 Plutarcho
1006 3169 1043 3229 et
1068 3153 1207 3229 Galeno
1227 3181 1312 3254 pro-

227 3259 345 3334 ditum
366 3276 418 3336 est
429 3263 454 3312 ⁹⁶
463 3317 477 3350 ,
497 3277 617 3336 tamen
638 3265 859 3362 antiquitatis
884 3263 1086 3335 testimonio
1106 3287 1312 3361 repugnare

228 3367 383 3442 videtur.
409 3369 512 3442 Unus
534 3371 654 3459 enim,
678 3374 785 3464 cujus
808 3369 957 3443 celebris
980 3371 1096 3443 fertur
1116 3369 1204 3441 haec
1227 3395 1314 3441 sen-

228 3481 359 3570 tentia,
379 3503 452 3549 non
469 3477 705 3575 Xenophanes
718 3477 779 3550 set]
797 3479 1017 3576 Anaxagoras
1041 3477 1148 3550 fuisse
1162 3475 1312 3567 dicitur,

111 3587 113 3592 ’
225 3588 291 3684 qui
311 3611 437 3661 rerum
460 3585 624 3656 omnium
652 3587 805 3657 rationes
824 3611 844 3659 e
861 3584 1088 3658 naturalibus
1107 3584 1236 3658 caussis
1255 3609 1314 3656 re-

225 3705 349 3792 petere
361 3692 496 3766 solebat
508 3703 545 3766 et
558 3693 665 3787 cujus
676 3691 815 3765 dictum
829 3685 974 3792 quoque
985 3692 1052 3765 hoo
1064 3696 1287 3765 memoratur
1304 3719 1312 3762 ε

260 3997 326 4077 (96)
350 3996 489 4056 Plutarch.
511 3997 584 4056 Plao.
608 3995 679 4077 phil.
704 3997 737 4069 1,
763 3995 793 4056 5.
817 3998 961 4070 Ξενοφάνης
988 3994 1034 4056 eal
1056 3991 1209 4074 Ἐπίκουρος
1230 3996 1314 4054 ἐκι-

101 4094 105 4102 ’
221 4098 292 4168 potet
314 4087 361 4155 nb
382 4089 527 4165 μαντικόν.
548 4088 671 4149 Galenus
690 4109 714 4147 c.
736 4086 836 4150 XXX.
