2870 4824
308 349 333 412 2
756 363 951 407 urorum

356 521 478 616 Hujus
507 529 631 592 autem
657 529 813 590 aetatem
840 517 1041 588 accuratim
1068 513 1219 587 delinire
1247 511 1398 586 difficile

307 639 378 720 est,
396 626 495 726 quod
519 639 558 699 et
583 637 738 718 veteroe,
763 651 923 723 quorum
946 623 1148 696 testimonia
1170 623 1397 720 accepimuS,

307 735 348 806 in
359 733 526 808 notandis
539 737 619 828 ejus
632 733 856 831 temporibus
871 751 906 805 et
921 727 1137 828 aequalibus
1154 728 1399 802 memorandis

305 865 524 939 magnopere
548 840 742 932 dissident,
778 865 846 912 nec
875 837 1089 910 roeentiores
1120 836 1160 906 in
1199 836 1264 924 iis,
1297 858 1399 932 quae

305 946 353 1020 de
382 959 498 1020 aetate
523 945 705 1044 rebusque
723 949 804 1040 ejus
829 943 967 1041 prodita
1002 953 1112 1031 sunt,
1149 939 1398 1012 describendis

306 1064 588 1150 temporumque
617 1052 744 1124 ordine
765 1049 1023 1123 constituendis
1050 1049 1147 1119 inter
1183 1071 1221 1119 se
1255 1070 1396 1120 conve-

304 1160 426 1232 niunt.

663 1371 682 1406 .
810 1335 884 1416 32.

354 1519 386 1590 E
412 1515 596 1592 veteribus
619 1514 694 1589 duo
717 1516 914 1613 praecipue
936 1517 1159 1590 memorandi
1179 1529 1266 1590 sunt
1286 1531 1397 1591 testes

303 1626 516 1725 gravissimi,
538 1625 706 1697 Timaeus
725 1635 765 1696 et
786 1621 1050 1721 Apollodorus,
1072 1649 1231 1724 quorum
1247 1625 1307 1698 hic
1322 1627 1398 1700 Xe-

303 1735 512 1832 nophanem
533 1729 678 1829 Olymp.
697 1731 747 1822 lo
767 1744 897 1803 natum
913 1731 958 1803 ad
977 1738 1064 1827 Cyri
1086 1745 1125 1807 et
1149 1735 1260 1806 Doris·
1274 1759 1398 1832 usque

304 1851 460 1916 aetatem
484 1839 614 1913 vixisse
636 1839 710 1928 ait;
736 1835 800 1910 ille
825 1851 949 1910 autem
973 1845 1148 1928 Hieroni,
1174 1841 1301 1938 etqui
1325 1840 1399 1912 sub

303 1973 348 2022 eo
363 1947 503 2038 floruit,
533 1945 748 2040 Epicharmo
774 1969 861 2017 eum
888 1945 973 2018 lacit
995 1945 1195 2044 aequalem.
1227 1947 1400 2020 Clemens

303 2053 410 2130 Alex.
427 2055 557 2125 Strom.
572 2052 606 2140 Ι,
623 2075 659 2149 p.
682 2049 767 2122 301.
781 2051 820 2122 G.
838 2071 887 2134 τῆς
915 2053 947 2122 δὲ
969 2047 1143 2136 Ἐλεατικῆς
1167 2065 1282 2150 ἀγωγῆς
1311 2057 1402 2126 ane

305 2171 429 2260 φάνηςὸ
452 2157 625 2257 Καλαξῶνιος
647 2170 804 2256 κατάρχει,
822 2157 854 2228 ἓν
878 2187 945 2256 φησι
969 2165 1089 2250 Τζααεας
1110 2169 1188 2231 κατὰ
1218 2161 1397 2257 Ἱέρωνα,

305 2273 354 2338 τὸν
378 2265 516 2345 Σικελίας
550 2267 678 2350 dirim
720 2272 772 2335 tal
800 2260 1060 2363 Ἐπίχαρμον
1092 2273 1139 2338 τὸν
1166 2279 1281 2351 ποιητὴν
1311 2297 1398 2364 γεγα-

306 2385 394 2446 νέναι·
422 2369 633 2471 Ἀπολλόδωρος
654 2375 685 2443 δὲ
701 2381 780 2444 κατὰ
802 2383 857 2456 τὴν
879 2385 1099 2470 τεσσαρακοςὴν
1123 2370 1313 2470 Ὀλυμπιάδα
1348 2406 1398 2472 γε·

303 2493 419 2578 νόμενον
443 2491 680 2580 παρατετακέναι
706 2480 775 2577 (τὸν
791 2483 881 2580 βίον)
902 2483 978 2579 ἄχρι
999 2503 1056 2554 τῶν
1079 2485 1263 2581 Δαρείου
1287 2513 1320 2553 τε
1348 2493 1401 2555 καῖ

304 2591 444 2686 Kipoo
488 2599 602 2686 χρόνων
630 2586 652 2658 ³.
692 2589 832 2659 Horum
876 2591 1079 2662 testimonia
1116 2603 1297 2689 quantum
1324 2591 1398 2664 dis·

346 2803 453 2866 Slrabo
468 2801 502 2862 L.
521 2799 612 2872 XIV,
631 2800 648 2882 §
667 2797 724 2874 28,
749 2821 779 2881 p.
799 2799 881 2879 643:
903 2801 1005 2884 drdptt
1027 2801 1065 2864 dl
1087 2802 1208 2876 t'yt'nm
1228 2803 1398 2883 Κολοφᾶιιοι

305 2906 355 2960 τὸι
375 2891 607 2974 μημιιυομίκν
625 2887 781 2972 ψ’,ιιιιρμος
792 2937 802 2968 ,
821 2893 945 2962 uitreis·
962 2889 1027 2972 ι’μι
1047 2893 1094 2957 ul
1113 2893 1229 2966 foturis
1248 2899 1398 2974 inertias,

304 2985 352 3050 ul
378 2985 598 3066 hrudim-n

293 3133 296 3138 .
348 3080 391 3160 (3)
413 3075 634 3138 Postremahaec
652 3071 837 3154 verba,li'mt
858 3083 908 3134 seir
929 3077 1039 3158 Δαμίαν
1058 3103 1089 3137 rt
1109 3077 1156 3138 eal
1177 3078 1257 3158 Ripae
1280 3079 1398 3158 mim,

188 3175 193 3188 ⁸
306 3171 410 3230 merito
425 3177 553 3248 suspecta
564 3175 650 3237 sunt,
668 3175 700 3221 ut
716 3161 773 3244 jam
791 3166 901 3224 notavit
911 3165 1076 3228 Dodwellus
1088 3167 1123 3226 de
1139 3169 1280 3228 veteribus
1292 3169 1398 3230 Graec.

307 3271 336 3319 et
361 3260 442 3318 Rom.
467 3255 553 3336 cyclis
577 3275 605 3334 p.
631 3251 697 3314 135.
725 3253 798 3312 Nam
825 3257 944 3314 Darius
966 3259 1090 3317 Nothus
1111 3271 1139 3316 et
1163 3262 1262 3338 Cyrus
1283 3260 1394 3336 minor,

306 3347 382 3409 illius
401 3345 494 3414 lilios,
514 3343 684 3402 recentiores
703 3355 770 3402 sunt
781 3387 790 3416 ,
809 3363 892 3422 quam
912 3357 944 3404 ut
962 3345 1009 3406 hic
1028 3347 1145 3427 intelligi
1166 3351 1298 3429 possint,
1317 3354 1398 3410 Me-

306 3440 381 3502 dum
399 3447 492 3496 autem
512 3435 634 3511 Regem,
654 3433 722 3513 Cyri
740 3433 852 3514 majoris
871 3433 1058 3512 decessorem,
1081 3457 1163 3516 quem
1180 3459 1274 3498 sacrae
1295 3438 1399 3500 literae

307 3527 443 3588 Dorium
461 3523 626 3595 nominant,
645 3521 833 3601 Apollodorus
851 3538 928 3585 certe
947 3525 1000 3586 hoc
1021 3529 1135 3587 nornine
1153 3547 1210 3587 non
1230 3527 1398 3608 appellavit.

307 3620 339 3682 si
363 3639 429 3698 ergo
454 3618 571 3675 Darius
603 3618 789 3694 Hystaspis,
813 3628 845 3674 ut
869 3619 1008 3698 plerisque
1032 3619 1167 3690 videtur,
1191 3619 1398 3699 intelligendus

309 3711 370 3783 sit,
394 3718 502 3768 mutato
529 3701 628 3764 ordine
650 3705 733 3764 scribi
756 3707 908 3786 oportuit,
933 3707 1000 3782 ἔχρα
1027 3719 1079 3770 roh
1094 3712 1177 3790 Κόρου
1199 3708 1246 3772 nal
1270 3711 1397 3793 Διμιίυ.

307 3799 394 3879 Bayle
414 3799 444 3857 in
465 3795 582 3856 diction.
601 3815 630 3854 v.
650 3797 790 3874 Xenopb.
811 3795 978 3876 conjiciebat
997 3823 1048 3882 pro
1069 3801 1178 3883 Διμιίν
1198 3805 1399 3882 reponendum

308 3907 368 3946 esse
382 3907 485 3946 nomen
502 3885 621 3965 [μίαν.
646 3885 779 3964 Origenes
799 3885 960 3969 Philosoph.
982 3891 1013 3950 C.
1029 3891 1112 3951 xlv.
1134 3893 1210 3974 Opp·
1226 3893 1261 3950 T.
1282 3893 1305 3952 l.
1331 3896 1398 3954 sim·

309 3975 421 4060 pliciter
435 3975 504 4034 dicit
517 3997 524 4031 :
535 3969 617 4036 ἷυτοσ
628 3970 676 4036 ina
692 3974 775 4056 tipo
792 3974 936 4055 deiprevn,
952 3981 1026 4042 nulla
1041 3987 1134 4042 Darii
1144 3985 1218 4043 lacta
1230 3985 1396 4058 mentione;

308 4064 384 4144 quod
405 4067 499 4124 nescio
518 4086 554 4124 an
573 4065 748 4145 probandum
769 4069 815 4126 sit.
