2840 4820
448 385 659 432 immensius.
1024 366 1088 435 1¹17

48 537 175 608 nionum
194 545 326 632 quanta
347 533 393 608 sit
418 531 599 610 diuersitas
624 543 795 631 apparet3
821 532 946 610 eadem
974 535 1090 616 estin
1166 585 1171 596 .

48 656 102 713 tota
129 642 269 712 omnino
295 639 356 711 illa
387 641 594 738 quaestione
620 639 665 715 de
711 652 876 722 veterum
904 639 1091 723 elementis

2 747 3 752 ’
48 749 283 844 discrepantia:
308 750 413 840 cujus
438 748 489 820 rei
515 745 658 844 culpam
683 772 758 818 uon
780 748 863 842 ipsis
887 749 1091 821 auctoribus

2 857 3 950 l
47 853 246 924 tribuendam
272 877 367 943 esse,
393 853 452 924 sed
478 855 712 950 posteriorum
744 855 957 950 scriptorum
983 856 1092 926 insci-

47 960 98 1030 tiae
118 960 179 1054 qui
201 957 345 1028 illorum
371 957 461 1029 diota
489 972 597 1056 atque
623 958 748 1056 placita
777 959 940 1056 perversi
981 959 1091 1030 inter-

46 1066 218 1160 pretatione
244 1065 509 1153 couluderunt‚
531 1063 756 1162 explorandis
781 1065 912 1136 horum
935 1069 1091 1137 testimo·

46 1171 95 1240 niis
117 1169 334 1266 probabitur.

71 1275 218 1348 Primum
233 1276 330 1373 quod
341 1276 513 1373 Diogenes
524 1277 685 1348 Laertius
696 1276 821 1366 refert,
834 1275 1091 1374 Xenophanem

44 1396 179 1480 quatuor·
203 1385 365 1456 statuisse
388 1409 508 1457 rerum
525 1383 720 1473 elementa,
739 1383 859 1481 placiti
881 1385 991 1481 hujus
1010 1413 1094 1460 auc·

45 1503 135 1562 torem
172 1489 425 1586 Empedoclem
454 1491 560 1564 foisse
598 1491 836 1564 Aristoteles⁷
865 1503 901 1564 et
930 1492 1095 1590 plerique

45 1609 156 1668 veteres
186 1597 432 1668 testificantur.
461 1595 565 1668 Unde
594 1608 739 1670 tantum
763 1610 860 1670 certe
890 1599 1007 1696 colligi
1033 1624 1094 1696 po·

2 1773 3 1780 χ
45 1713 113 1790 test,
137 1701 264 1776 eadem
290 1703 463 1799 principia
490 1701 574 1776 licet
590 1703 731 1778 dudum
755 1715 858 1778 antea
883 1703 928 1776 ab
952 1703 1028 1775 aliis
1044 1729 1095 1776 es·

44 1821 101 1880 sent
128 1821 343 1900 memorata,
369 1808 620 1904 Empedoclem
647 1821 768 1882 tamen
801 1811 960 1904 primum
990 1811 1096 1882 fuisse

44 1917 90 2010 qui
113 1915 199 1988 haec
228 1941 358 2014 genera
388 1915 518 1986 clarius
543 1915 762 1986 discerneret
787 1929 943 2010 aptaque
968 1941 1097 1988 eorum

44 2024 273 2118 compositione
287 2035 323 2094 et
336 2021 459 2094 ordine
473 2021 653 2092 mundum
672 2020 849 2094 formaret.
866 2019 1096 2118 Quamquam

43 2123 192 2225 diogenes
217 2127 351 2224 aliique
367 2129 484 2200 studio
498 2127 654 2224 quodam
672 2126 895 2222 antiquitatis
913 2125 1013 2200 ducti
1030 2127 1097 2200 hoc

46 2229 194 2327 placitum
209 2233 328 2308 multo
344 2233 608 2332 superioribus,
629 2233 834 2330 praesertim
852 2232 1095 2332 Pythagoreis,

45 2355 210 2436 acceptum
251 2341 456 2417 retulerunt
479 2339 514 2429 ⁸,
550 2365 592 2412 eo
625 2339 768 2410 fortasse
802 2337 971 2430 inducti,
1000 2339 1098 2438 quod

46 2444 257 2543 Empedoclea
278 2448 514 2546 Pythagoreae
540 2445 746 2542 disciplinae
772 2445 936 2520 aemulus
958 2460 1011 2519 est
1034 2448 1096 2520 ha-

45 2549 118 2626 bitus
129 2583 139 2646 3
152 2553 257 2628 unde
271 2579 355 2630 sane
371 2579 442 2629 non
464 2555 597 2626 mirum
615 2551 851 2649 Xenophani‚
876 2551 999 2626 Italico
1018 2554 1097 2650 phi-

44 2654 187 2756 losopho,
216 2661 369 2736 eaodem
392 2687 412 2732 a
441 2659 625 2734 nonnullis
648 2659 820 2734 tributam
846 2683 920 2732 esse
949 2673 1097 2732 seuten-

45 2765 118 2837 tiam.
148 2767 294 2840 Horum
321 2779 443 2842 autem
473 2765 591 2863 qualis
623 2766 736 2840 luerit
766 2765 1029 2860 interpretandi
1059 2777 1097 2839 et

2 2867 3 2906 ³
44 2871 206 2962 judicandi
237 2873 348 2964 ratio,
373 2897 418 2946 es
448 2871 594 2946 Homeri
618 2872 815 2968 interprete
834 2870 1052 2945 Eustathio
1042 2897 1098 2944 in·

2 3070 3 3074 ¹
43 2977 133 3076 talligi
158 2993 303 3118 potest,
327 2982 392 3078 qui
416 2981 460 3056 ad
485 3005 626 3056 versum
651 2978 758 3054 illum
782 2983 969 3074 poetae
933 2991 946 3028 ⁹
993 2991 1098 3057 πάντες

2 3081 3 3148 l
2 3083 99 3202 rdnp
120 3096 170 3158 καὶ
194 3108 273 3182 γαῖα
296 3095 448 3183 γένοισθε,
461 3101 623 3176 annotat,
639 3087 707 3160 hoc
724 3085 861 3160 dictum
878 3111 897 3154 a
912 3033 1098 3158 noirnullis

2 3191 76 3262 sic
97 3193 292 3290 explicari,
323 3207 367 3266 ut
392 3207 506 3268 terroe
532 3205 568 3266 et
593 3191 800 3289 equandus
827 3191 933 3264 etiam
959 3189 1097 3286 reliqua

2 3279 199 3394 lelenienta
229 3301 449 3396 suggerenda
474 3312 667 3388 censeant,
692 3297 825 3395 pariter
849 3309 892 3370 ut
912 3298 1008 3393 apud
1027 3299 1097 3370 He

2 3351 157 3480 ltlodnm
189 3422 231 3482 et
262 3409 550 3504 Xenophanem:
581 3415 784 3488 ommoonte'o)
816 3425 872 3482 τοῖς
902 3405 966 3525 d'pcr
996 3433 1096 3483 τουτσις

42 3527 150 3605 cuzuin
177 3521 231 3588 sol
253 3523 289 3590 tol
315 3518 398 3588 het
422 3517 492 3604 ebio,
519 3521 605 3588 aaut
634 3515 755 3612 adparat
779 3517 830 3584 sai
853 3539 915 3607 παρ
918 3504 1094 3603 ΗΗσιόδῳ,

69 3751 108 3829 (7)
129 3753 249 3812 bristot.
270 3752 395 3834 Metaph.
416 3755 449 3826 1,
470 3753 499 3830 4.
523 3774 552 3834 p.
573 3751 632 3833 647
655 3755 688 3811 Α.

72 3861 107 3940 [8)
127 3865 252 3945 Diogen.
271 3865 304 3924 1..
324 3867 498 3941 vt11‚secr.
519 3866 568 3928 25.
590 3861 733 3926 Chaldaeis
750 3863 849 3922 tribuit
870 3862 983 3922 Procles
1003 3862 1031 3920 in
1048 3861 1098 3921 Ti·

43 3969 130 4014 nasum
149 3975 179 4036 p.
204 3951 273 4031 154.
296 3953 339 4017 ed.
360 3955 421 4014 Bas.

74 4065 112 4146 (9)
130 4065 163 4127 Π·
187 4095 202 4134 s
213 4112 223 4142 ‚
241 4085 291 4148 99·
312 4067 354 4126 Cl.
372 4087 455 4150 supra
473 4069 573 4149 fragm.
595 4065 649 4126 IX.
717 4081 721 4090 ’

897 4190 910 4234 1
923 4189 951 4235 l.
