2870 4824
493 371 672 425 nmroursn.
1072 347 1117 414 57
1231 376 1234 384 ·

63 523 118 614 jem
150 517 278 606 verba,
319 519 415 612 ἔπειμι
446 523 550 616 λόγον,
583 521 669 605 δείξω
704 522 735 590 δὲ
761 523 921 607 κέλευθον,
946 516 1118 592 indicant.

64 627 194 699 Primum
206 637 333 700 autem
347 625 447 700 hunc
468 652 613 714 versum
624 627 800 725 Diogenes
820 625 955 728 elegiae
972 627 1120 698 initium

63 733 142 806 fnisse
160 732 244 804 dicit
265 759 274 803 :
297 745 420 806 tamen
443 757 521 806 non
544 733 733 832 inceptum
750 731 816 804 hoo
839 759 949 808 versu
974 757 1120 806 carmen

63 839 105 911 sed
123 842 235 936 potius
255 840 512 912 continuatum
537 840 644 913 fuisse
670 841 745 938 ipsa
768 839 959 912 ostendunt
973 839 1119 932 ¹verba,

63 969 132 1043 quac
153 945 346 1018 transitum
368 946 413 1017 ab
430 971 505 1019 una
526 971 567 1019 re
589 947 635 1019 ad
659 945 765 1017 aliam
787 945 996 1044 significant.
1016 945 1121 1020 Unde

63 1049 150 1148 colligi
167 1063 285 1148 potest
299 1050 450 1150 elegiam
464 1051 558 1125 hanc
577 1049 745 1150 longioris
766 1051 873 1124 fuisse
890 1052 1118 1150 argumenti,

63 1168 155 1254 postea
168 1169 314 1256 autem,
337 1157 436 1256 quod
450 1157 617 1256 pluribus
636 1169 803 1233 veterum
824 1157 1042 1232 carminibus
1064 1183 1119 1232 ac-

63 1263 146 1351 cidit,
168 1265 208 1362 in
231 1264 359 1364 plures
384 1278 503 1365 partes
528 1289 601 1338 esse
626 1264 851 1362 discerptam.
878 1307 883 1320 ι

95 1400 234 1475 Videtur
259 1415 385 1477 autem
410 1401 463 1475 lris
490 1401 651 1478 versibus
675 1401 864 1500 perstringi
890 1399 1119 1501 Pythagoras,

64 1511 141 1602 cujus
152 1507 299 1608 placita,
314 1524 358 1586 ut
369 1539 389 1584 a
401 1511 587 1584 communi
599 1511 790 1582 hominnm
803 1509 972 1607 opinione
985 1509 1118 1604 aliena,

63 1617 173 1713 saepius
209 1643 229 1688 a
259 1618 375 1715 poetis
408 1619 617 1716 praesertim
655 1617 797 1690 comicis
825 1616 940 1690 derisa
973 1643 1072 1709 esse,
1101 1643 1122 1691 e

63 1721 169 1794 Cratini
196 1721 428 1823 aliorumque
446 1737 613 1806 veterum
630 1724 837 1823 fragmentis
856 1737 1014 1822 apparet.
1036 1725 1122 1797 Fuit

63 1839 156 1900 autem
188 1831 287 1904 inter
324 1831 546 1930 Pythagorae
584 1842 621 1904 et
650 1829 954 1930 Pythagoreorum
992 1828 1123 1928 placita

64 1932 208 2009 celebrius
240 1936 392 2012 nullum
427 1963 538 2036 quam
571 1937 690 2028 illud,
728 1949 955 2009 mortuorum
989 1938 1125 2010 animas

64 2041 89 2112 in
111 2041 169 2116 alia
213 2070 364 2142 corpora
395 2045 552 2143 migrare
594 2069 669 2116 non
699 2041 805 2114 modo
841 2041 1033 2114 hominum
1061 2043 1123 2116 sed

64 2145 228 2222 bestiarum
253 2150 391 2242 etiam3
419 2147 656 2248 quamobrem
677 2145 821 2222 laedere
847 2173 906 2221 eas
934 2159 998 2220 aut
1032 2149 1121 2220 occi-

65 2251 126 2326 dere
148 2257 248 2328 nefas
272 2253 537 2354 praedicabant.
556 2255 610 2329 De
634 2257 741 2350 cujus
766 2253 888 2353 placiti
911 2255 1124 2328 auctoritate

66 2362 190 2458 nequis
217 2361 388 2454 dubitet,
411 2361 538 2435 eadem
566 2359 787 2460 Pythagoreo
813 2359 1023 2457 Empedocli
1053 2361 1125 2434 fuit

66 2467 237 2562 untentia,
261 2479 308 2540 ut
332 2467 478 2540 Aristot.
501 2466 608 2540 Rhet.
633 2467 673 2560 I,
721 2464 776 2536 13.
802 2491 838 2562 p.
866 2465 1004 2558 4180.
1049 2491 1124 2538 me·

66 2585 173 2666 norat,
198 2587 236 2647 et
257 2575 370 2674 ipsius
394 2600 518 2650 versus
542 2573 640 2673 apud
666 2575 762 2646 Sext.
789 2573 925 2671 Empir.
952 2573 1031 2648 adv.
1057 2573 1127 2647 lla·

68 2675 150 2750 them.
173 2680 242 2774 lx,
268 2693 353 2755 sect.
384 2707 549 2780 127-129
562 2677 756 2772 declarant,
771 2679 837 2778 qui
862 2705 947 2752 cum
960 2679 1015 2752 his
1037 2707 1125 2753 con-

68 2783 178 2858 serendi
198 2801 288 2860 sunt
302 2815 310 2860 ε
326 2788 371 2860 cf.
397 2789 611 2861 Rittershus.
628 2789 667 2859 in
685 2787 856 2887 Porphyr.
875 2807 918 2859 n⁰
937 2785 1001 2879 36,
1019 2815 1056 2887 p.
1077 2791 1125 2888 49

69 2913 120 2988 sqq.
142 2891 195 2966 ed.
221 2895 368 2967 Kuster.
394 2895 432 2966 Si
453 2895 564 2994 igitur
591 2893 855 2992 Xenophanes,
883 2904 928 2965 ut
951 2893 1124 2988 videtur,

69 3008 136 3068 natu
157 3001 276 3072 minor
299 3001 371 3073 fuit
393 3025 504 3100 quam
528 3001 760 3100 Pythagoras,
786 3025 859 3072 non
883 3000 1038 3095 mirum,
1058 3001 1126 3074 hoc

73 3101 219 3197 placitum
242 3133 316 3181 esse
341 3107 450 3182 abeo
474 3109 644 3182 derisum.

102 3211 201 3286 tidem
232 3239 356 3292 versus
379 3216 505 3289 omisso
530 3215 684 3288 auctoris
707 3213 854 3289 nomin'e
869 3213 1066 3288 laudantur
1082 3214 1121 3287 iu

72 3591 159 3658 ttln.
178 3599 241 3662 Jam
260 3599 298 3662 ad
316 3601 400 3663 alium
417 3621 573 3662 sermonem
592 3589 741 3682 aggredior
758 3601 887 3680 namque
904 3597 1076 3660 monstrabo.

181 3797 338 3878 Aliquando
357 3799 436 3860 illurn
454 3797 674 3882 (Pythagoram)
693 3798 777 3856 catuli
789 3795 949 3858 verberibus
964 3796 1037 3856 eaesi
1051 3817 1127 3877 prae·

184 3891 262 3948 aiunt
281 3911 339 3951 esse
361 3892 541 3964 miseratum,
562 3890 649 3949 etsie
669 3889 792 3949 locutum
811 3907 818 3942 ε
970 3899 1125 3948 tereuntem

182 3979 267 4039 Parce
286 3981 451 4054 verberare,
472 3978 608 4059 siquidem
627 3980 684 4038 cari
703 3977 825 4038 hominis
845 3987 887 4036 est

186 4070 294 4146 anima,
314 4089 396 4150 quem
416 4071 519 4151 agnovi
539 4068 737 4130 clamitantem.
