2870 4824
448 377 521 420 vl'rs
539 375 584 417 ,ΕΤ
606 375 731 418 subole.

505 580 630 664 tt·

102 761 266 836 ‘Vidimus
288 761 549 859 Xenophanem
573 761 670 859 poiisi
688 764 896 860 praesertim
918 767 1064 864 operam
1081 765 1140 839 de·

83 871 168 962 disse,
198 869 296 968 quod
331 869 493 943 studium
523 867 587 942 ille
629 895 704 942 non
736 871 841 944 modo
877 873 921 944 ad
954 871 1141 948 liberalem

82 979 166 1050 animi
184 977 479 1065 oblectationem,
499 977 561 1050 sed
584 975 701 1050 multo
723 980 833 1078 magis
852 979 897 1053 ad
919 981 1140 1074 utilitatem,

82 1087 113 1158 ad
133 1085 308 1158 doctrinae
345 1085 564 1183 virtutisque
593 1086 942 1161 commendationem
976 1088 1141 1163 retulisse

81 1192 207 1265 ridetur.
230 1193 363 1291 ltaque
381 1192 600 1264 carminibus
619 1195 692 1265 suis
711 1219 784 1266 non
806 1207 880 1266 tam
900 1197 984 1268 artis
1007 1207 1045 1270 et
1067 1195 1139 1269 ele-

81 1301 191 1399 gantiae
204 1323 318 1398 quam
331 1291 525 1396 sapientiae
537 1297 685 1372 laudem
697 1313 909 1374 consecutus
923 1315 998 1394 est,
1020 1328 1140 1402 quum

82 1407 317 1504 ilpraesertim
339 1405 479 1479 efficere
500 1407 681 1498 studeret,
699 1419 745 1480 ut
764 1407 928 1482 homines
949 1437 969 1482 a
991 1433 1137 1483 morum

82 1515 226 1611 pravitate
252 1526 291 1587 et
315 1512 462 1586 luxuria
485 1512 705 1608 deduceret,
730 1515 775 1588 ad
800 1515 859 1608 id,
888 1517 987 1614 quod
1012 1541 1142 1592 verum

82 1633 266 1720 metimque
286 1633 397 1714 esset,
414 1618 619 1718 impelleret
639 1633 677 1694 et
695 1621 867 1696 erudiret.
889 1623 965 1694 Etsi
984 1623 1143 1696 carmina

84 1729 138 1821 eius
158 1729 381 1828 perierunt,
407 1727 446 1801 id
474 1741 597 1800 tamen
622 1728 834 1804 etiamnunc
864 1729 1027 1802 indicant
1049 1729 1142 1830 frag-

83 1847 173 1906 menta
200 1861 298 1933 quae
330 1834 428 1932 apud
457 1833 689 1906 Athenaeum
718 1845 856 1909 servata
886 1848 998 1927 sunt3
1025 1835 1143 1911 veluti

81 1967 176 2014 renos
194 1941 266 2034 illi,
291 1941 485 2040 inquibus
508 1938 813 2039 Colophoniorum
836 1941 972 2014 civium
989 1969 1141 2016 suorum

81 2048 258 2145 superbiam
277 2062 319 2122 et
327 2049 518 2122 libidinem
539 2059 641 2119 notat
656 2075 667 2140 3
683 2045 761 2139 alii,
781 2046 969 2146 inquibus
986 2043 1143 2122 ludicras

81 2155 351 2247 exercitationes,
375 2155 414 2226 in
442 2179 532 2252 quas
554 2151 661 2226 nimis
686 2153 797 2226 studii
823 2155 986 2228 conferre
1012 2151 1143 2229 Graeci

80 2259 236 2354 solebant,
261 2275 439 2361 tanquam
459 2261 610 2334 inutiles
627 2260 886 2359 reprehendit3
906 2260 983 2352 alii,
1000 2262 1040 2334 in
1062 2263 1144 2362 qui·
1238 2291 1242 2301 Α

81 2365 130 2438 bus
162 2370 442 2468 temperantiam
477 2379 514 2440 et
544 2369 716 2466 pietatem
746 2369 856 2441 ctiam
886 2393 997 2466 super
1026 2369 1145 2466 epulis

81 2475 284 2548 commendat
304 2485 339 2545 ²⁹.
366 2473 563 2572 Praecipue
594 2485 718 2547 autem
752 2472 918 2572 vulgares
954 2473 1145 2548 hominurn

80 2581 326 2677 superstitiones
356 2591 394 2652 et
420 2581 560 2678 ineptas
579 2579 625 2654 de
655 2579 731 2652 Diis
766 2581 952 2678 opiniones
984 2581 1145 2654 refutare

79 2683 218 2768 solebat:
243 2711 406 2786 quarum
429 2713 515 2759 cum
536 2686 722 2785 praecipui
744 2697 907 2759 auctores
931 2700 1048 2760 essent
1071 2689 1139 2759 Ho-

80 2816 177 2866 merus
198 2807 236 2868 et
266 2793 466 2886 Hesiodus,
492 2817 697 2892 corumque
725 2793 882 2865 carmina
913 2795 954 2865 in
985 2793 1145 2868 Graeco-

81 2923 144 2971 rum
163 2900 381 3000 religionem,
394 2925 613 3000 omnemque
631 2902 727 2972 vitae
745 2899 970 2998 disciplinam
989 2902 1147 2974 maxima

81 3021 173 3081 esent
198 3011 436 3101 auctoritate,
462 3007 525 3081 hos
548 3011 720 3082 acerrime
745 3009 955 3107 perstrinxit
978 3021 1015 3083 et
1036 3037 1147 3085 accu-

82 3117 170 3210 sarit,
195 3117 297 3217 quod
321 3115 531 3216 religionem
556 3142 703 3190 omnem
726 3127 764 3188 et
786 3116 1010 3190 honestatem
1037 3117 1147 3191 tolle-

84 3237 144 3296 rent
165 3223 200 3298 ³⁰.
231 3227 307 3299 Nec
330 3226 465 3297 mirum
502 3252 511 3296 :
539 3250 633 3323 quae
675 3225 774 3296 enim
798 3223 852 3294 illi
879 3225 1063 3323 quondam
1100 3227 1146 3299 de

84 3325 138 3402 biis
160 3332 280 3432 deque
302 3356 426 3406 rerum
444 3343 574 3406 natura
598 3333 736 3432 poetice
757 3331 941 3404 finxissent
965 3333 1148 3405 etaetatis

84 3459 149 3510 suae
176 3440 324 3540 ingenio
354 3437 643 3532 accommodate,
673 3463 714 3511 ea
748 3439 870 3510 seriori
899 3451 1038 3532 aetate,
1066 3463 1148 3537 pro·

83 3690 264 3774 Pythagoreis
278 3695 404 3775 sactum
423 3717 493 3755 esse.
516 3695 548 3755 si
569 3693 622 3754 hoc
642 3691 731 3753 voluit
751 3692 907 3773 Diogenes,
937 3691 1049 3772 scripsit
1075 3703 1150 3752 certe

84 3777 217 3844 obscurius.
241 3783 318 3844 Num
336 3785 454 3846 fortasse
474 3785 624 3867 legendum
646 3779 825 3866 τετράφθω,
846 3779 1017 3862 Xenophani
1036 3785 1151 3843 metum

85 3867 173 3932 abillis
193 3875 419 3954 suppeditatum
444 3877 531 3936 esse?

114 3984 171 4068 (29)
189 3987 260 4048 Vid.
281 3988 437 4070 fragmenta
457 3989 638 4072 Elegiarum,
659 3987 756 4064 xlx,
776 3985 860 4064 XX,
880 3983 967 4047 XXI.
1046 3943 1049 3948 ἡ
1099 3939 1101 3946 Ι

116 4077 173 4159 (30)
192 4079 312 4160 Diogen·
334 4083 367 4140 L.
391 4081 454 4159 IX,
483 4082 537 4158 18,
558 4083 793 4161 ct'lragmentom
813 4079 900 4162 ipsius
919 4079 986 4140 Vll.
