3000 4844
291 345 333 408 26
510 360 557 406 na
580 357 795 408 samninus
813 357 897 406 vrrs
920 357 965 406 nr
985 359 1127 406 srunns.

289 555 362 630 qm
397 527 576 602 notatione
600 537 745 624 apparet
768 537 970 624 temporum
993 522 1171 625 quaedam
1193 522 1301 599 series
1325 541 1363 601 et

290 647 475 740 successio,
489 671 562 746 qua
573 643 633 720 illa
644 671 709 744 per
719 639 901 720 doctorum
917 672 1046 720 manns
1055 644 1223 744 deinceps
1234 645 1360 722 tradita

290 785 329 844 et
361 769 406 844 ad
440 767 568 842 seriora
603 781 761 866 tempora
791 779 878 842 sunt
901 765 1027 842 dolata.
1078 767 1199 868 Atque
1220 769 1249 840 si
1269 766 1363 866 ipsas

170 965 174 976 ,
289 891 457 990 reliquias
467 886 750 981 consideremus,
762 888 1007 980 inveniemus,
1023 886 1194 988 pleraque
1205 915 1301 988 quae
1316 887 1363 963 ab

289 1010 538 1112 antiquissimis
563 1007 647 1085 inde
667 1007 871 1085 auctoribus
894 1008 1072 1110 usquead
1089 1009 1237 1085 seriores
1253 1009 1362 1085 relata

289 1145 397 1226 sunt,
433 1144 514 1230 apte
542 1131 636 1206 inter
665 1157 703 1206 se
726 1129 934 1217 cohaerere3
957 1153 1050 1232 quae
1077 1130 1176 1206 Plato
1198 1133 1363 1232 qmmvis

288 1279 403 1354 pauca
425 1249 597 1351 prodidit,
621 1253 816 1326 concinunt
836 1250 943 1350 plane
966 1279 1052 1327 cum
1073 1251 1119 1326 iis·
1132 1253 1362 1352 quaeampli·

288 1401 350 1448 ora
368 1373 467 1475 apud
488 1373 707 1474 Simplicium
729 1373 915 1473 leguntur:
939 1375 1101 1474 quocirca
1118 1375 1147 1448 si
1164 1373 1261 1448 illius
1282 1401 1365 1448 auc

288 1497 409 1572 toritas
428 1493 608 1596 probanda
632 1508 705 1588 est,
729 1495 835 1587 etiam
859 1493 970 1593 hujus
993 1495 1364 1595 ceterommquelides

289 1615 330 1688 in
350 1615 507 1690 dubium
530 1615 646 1694 vocari
668 1640 742 1689 non
765 1613 868 1690 facile
889 1628 1014 1714 potest.
1054 1615 1166 1688 Porro
1185 1614 1282 1714 apud
1299 1615 1364 1689 bns

223 1727 226 1734 ’
289 1735 434 1812 easdem
449 1737 690 1836 quaestiones,
713 1735 838 1812 eadem
850 1748 1059 1836 argumenta
1076 1737 1316 1832 proferuntur
1329 1751 1366 1812 et

288 1867 487 1931 tractantur
501 1881 596 1956 quae
607 1858 678 1956 jam
688 1857 786 1956 opud
794 1857 993 1949 Platonem,
1005 1857 1242 1952 Aristotelem,
1255 1857 1366 1934 Theo-

145 2047 150 2058 ,
289 1975 498 2077 phrastum,
517 1975 744 2072 Eudemum,
773 1993 965 2054 memorate
986 1991 1024 2052 et
1048 1977 1241 2077 disceptata
1267 2005 1365 2079 repe-

288 2101 413 2176 rimus.
465 2099 630 2196 Denique
656 2123 830 2175 versuum
855 2097 1058 2196 compositio
1084 2113 1120 2172 et
1148 2100 1263 2174 forma
1285 2100 1365 2174 talis

290 2235 359 2312 cst,
376 2216 519 2320 qualem
531 2232 670 2293 veteres
681 2219 887 2294 describunt
898 2244 907 2290 ι
920 2245 1045 2296 versus
1055 2221 1174 2294 minus
1186 2219 1366 2320 eleganter

291 2339 447 2433 conditi,
477 2337 524 2412 ad
551 2337 753 2414 docendum
780 2342 891 2444 magis
914 2341 1025 2441 quom
1050 2341 1095 2414 ad
1114 2341 1366 2416 delectandum

291 2465 492 2567 compositi3
522 2463 627 2538 dictio
659 2463 796 2558 tenuis,
817 2463 961 2565 jejuna,
984 2462 1168 2538 interdum
1193 2465 1366 2564 asperior3

139 2653 142 2659 .
290 2585 565 2688 argumentandi
597 2597 634 2659 et
665 2583 901 2660 concludendi
925 2585 1054 2660 modus
1077 2583 1272 2684 ejusmodi,
1299 2586 1366 2685 qui

291 2708 486 2783 dialectices
496 2707 684 2781 infantiam
707 2705 850 2779 referat.
872 2703 1014 2800 Quibus
1030 2703 1227 2779 rationibus
1247 2732 1367 2806 quum

292 2831 375 2904 satis
397 2830 534 2930 firmata
557 2827 723 2906 videatur
739 2827 870 2902 horum
884 2851 1060 2904 versuum
1072 2827 1259 2901 auctoritas
1270 2881 1280 2921 ,
1293 2853 1367 2902 non

292 2967 346 3027 est
355 2949 613 3045 dubitandum,
630 2951 720 3051 quin
732 2949 813 3050 jure
823 2945 977 3022 habendi
987 2945 1060 3021 sint
1071 2949 1260 3065 primarius
1271 2950 1372 3040 fons,
1498 3007 1499 3042 ,

293 3104 314 3152 e
339 3104 413 3178 qno
436 3075 657 3153 Parmenidis
684 3075 772 3150 ratio
795 3071 992 3150 haurienda
1017 3085 1054 3146 et
1079 3071 1284 3172 explicanda
1309 3071 1368 3146 sit.
