3000 4844
606 365 762 413 corner.
1251 355 1287 417 41

80 532 159 608 105:
170 533 398 630 nequeenim
411 557 483 606 non
496 557 559 606 eno
575 546 643 624 eot,
660 531 756 631 quod
768 529 952 630 prohibeat
967 535 1085 634 ipsum
1105 534 1290 633 constipari

170 655 207 726 in
228 679 367 738 unum,
391 659 514 755 ‘neque
530 679 594 728 eus
609 652 683 727 ullo
701 651 803 726 modo
818 667 901 726 ente
918 679 1073 730 vacuum
1089 683 1163 730 eaeo
1179 669 1290 754 potest

167 775 225 850 hic
248 779 357 877 magis
379 777 449 851 illic
468 779 610 868 minus,
636 775 720 874 quia
741 787 857 847 lotum
878 787 930 847 est
951 776 1214 852 intemeratum.

166 907 257 1014 Nam
278 905 461 1004 aequabile
482 903 644 1003 undique
666 901 771 975 simul
793 903 830 974 in
858 901 1018 974 terminis
1040 903 1170 978 haeret.

213 1271 279 1342 llic
298 1271 361 1345 tihi
382 1272 456 1370 jam
473 1271 559 1343 finio
588 1271 656 1344 fida
673 1267 764 1340 dieta
790 1283 827 1342 et
853 1269 997 1367 cogitata

76 1417 149 1467 rro.
163 1391 209 1465 de
233 1393 395 1486 veritate,
418 1393 491 1467 visa
512 1392 677 1491 deinoepe
701 1389 860 1464 mortalia

163 1539 350 1612 cognosce,
373 1501 533 1588 ordiriem
557 1537 730 1590 versuum
754 1511 1096 1588 meorumlallaoem
1118 1515 1276 1590 audiens.

567 1881 637 1950 'De
662 1879 764 1952 Vms.
870 1925 873 1938 ·

162 2124 308 2198 Formas
331 2126 427 2197 enim
455 2105 636 2198 mentibus
658 2136 862 2197 statuerunt
881 2120 970 2195 duas
987 2123 1189 2224 designare,

159 2247 470 2353 (quarum'uuam
489 2275 621 2350 ponere
643 2277 715 2324 non
739 2249 845 2343 licet,
873 2252 911 2321 in
939 2275 1061 2350 eoque
1075 2243 1250 2328 falluntur
1260 2255 1286 2352 3)

161 2399 294 2474 easque
304 2371 469 2446 hilariam
479 2371 719 2446 distinxerurit
728 2373 1064 2472 materiemotmque
1072 2373 1287 2451 addiderunt

70 2498 143 2572 115.
157 2496 225 2570 sibi
245 2493 431 2594 oppositas:
454 2492 538 2566 hinc
560 2491 743 2568 aethereae
764 2490 926 2566 flammae
946 2495 1082 2591 iguem,

157 2621 523 2720 levem,pertenuem
535 2661 547 2701 ,
574 2616 629 2688 sui
654 2615 798 2687 omnino
825 2614 990 2708 similem,

157 2740 333 2814 oonlrario
344 2737 564 2832 dissimilem
575 2762 704 2811 verum
721 2735 790 2809 hoc
805 2762 951 2837 quoque
968 2735 1032 2810 sibi
1047 2741 1284 2836 eonsentieus,

158 2867 261 2940 alteri
277 2867 493 2980 oppositum,
510 2879 650 2939 nootem
666 2863 869 2958 obscuram,
883 2853 1069 2939 materiem
1088 2865 1233 2942 densam
1246 2895 1285 2943 ac

255 3011 410 3086 gravem.

93 3225 145 3276 Ver.
168 3241 274 3294 109·rrr
305 3221 368 3294 (Ἓν
387 3229 425 3290 τῷ
442 3240 483 3276 σοι
502 3241 531 3276 π.
555 3250 584 3266 -
604 3223 731 3290 ἀκούων.)
751 3222 818 3274 idem
837 3221 869 3273 de
893 3220 984 3277 Coelo,
1006 3222 1048 3271 111
1065 3221 1096 3270 l:
1108 3222 1151 3273 138
1172 3227 1205 3284 Α,
1231 3223 1284 3275 ΑΜ.

62 3313 131 3381 apud
144 3313 305 3381 Peyronum,
325 3333 350 3384 p.
373 3315 410 3367 55.
425 3342 449 3360 ·-
463 3317 516 3368 Vre.
539 3318 646 3368 rra-118
669 3315 794 3384 (Μορφὰς
812 3337 846 3356 -
863 3340 895 3354 -
914 3315 1049 3381 ἐμβριθές
1068 3309 1112 3375 τι)
1130 3309 1198 3363 idem
1209 3310 1284 3378 Phyr.

62 3403 76 3451 f.
97 3403 128 3457 ³8
145 3422 184 3474 eq.
1060 3430 1065 3438 ·

216 3645 344 3714 Prineipio
361 3645 490 3714 duplicem
507 3651 655 3698 statuerunt
673 3645 760 3696 (lieere
782 3643 904 3702 lorium

188 3736 274 3787 Altera
291 3735 337 3788 red
357 3737 441 3786 minua
458 3745 498 3788 eet
516 3735 562 3788 tali
581 3736 733 3802 cognomine
753 3734 848 3800 digna,

176 3824 260 3884 'Quod
279 3824 400 3876 rimulam
416 3841 507 3878 verum
525 3825 590 3876 fallit
609 3824 725 3876 mortalia
742 3823 828 3876 corda.

188 3916 239 3966 liae
257 3922 347 3967 contra
366 3914 473 3968 adver-ro
495 3922 642 3974 statuerunt
662 3914 752 3966 ordine
774 3921 868 3964 metae:

189 4002 236 4054 llic
253 4003 382 4055 flammam
400 4004 540 4058 aetheriam
558 4011 675 4058 maone
694 4017 830 4072 raramque
851 4003 999 4072 levemque

191 4091 246 4158 lpea
264 4093 302 4144 uri
323 4093 409 4146 rimilia
428 4109 580 4163 semperque
602 4093 650 4146 ribi
671 4091 784 4162 undique
806 4099 924 4154 comem
