2942 4830
283 391 346 453 228
673 401 721 448 rur
746 397 961 446 rinrrnsrors

283 588 325 646 ut
351 571 460 644 forma
486 568 729 668 praeditas¹⁹‚
751 569 864 664 iisque
885 579 921 638 et
943 563 1075 636 semina
1095 585 1217 634 rerum
1237 561 1355 634 omni-

281 720 347 768 um
374 707 410 766 et
430 692 576 790 species,
610 704 646 764 et
675 691 846 764 actionem
866 687 976 758 vitam
998 684 1227 780 animamque
1244 683 1354 755 conti·

282 815 360 887 neri
378 827 516 904 censet,
536 837 734 913 earumque
755 809 925 906 temperie
949 806 1040 882 varia
1066 820 1214 901 corpora¹
1235 829 1353 902 corpo

282 959 437 1034 rumque
461 935 590 1007 formas
612 948 649 1008 et
671 949 788 1006 motus
805 929 894 1002 ellici
909 940 965 1000 ²0.

330 1055 424 1128 Haec
444 1070 565 1129 autem
588 1053 761 1129 elementa
780 1057 854 1129 sive
876 1078 999 1126 rerum
1020 1075 1147 1150 genera
1169 1050 1352 1146 primusnc

280 1179 459 1254 invenerit
482 1204 528 1250 an
544 1173 589 1250 ab
608 1175 867 1277 antiquioribus
878 1188 1065 1248 mutuatus
1080 1174 1142 1260 sit,
1155 1171 1350 1270 quaeritur.

280 1299 395 1372 Etsia
420 1297 597 1398 plerisqoe
626 1297 852 1372 Parmenides
874 1310 995 1368 auctor
1015 1293 1125 1394 hujus
1146 1292 1264 1391 placiti
1286 1290 1353 1362 ha-

278 1417 407 1506 hetur,
439 1420 534 1516 origo
565 1433 685 1492 tamen
707 1418 784 1517 ejus
805 1444 826 1492 e
848 1417 1010 1516 populari
1033 1417 1198 1514 opinione
1216 1429 1259 1486 ‘et
1277 1417 1352 1510 poe

279 1553 397 1613 tarum
417 1538 546 1612 fabulis
563 1539 754 1638 repetenda
769 1555 833 1614 est.
883 1539 974 1612 Nam
991 1565 1108 1637 quum
1129 1539 1201 1633 ipsa
1224 1548 1350 1606 natura

278 1661 367 1736 lucis
393 1679 429 1734 et
458 1661 587 1751 noctis,
616 1661 738 1734 caloris
764 1675 801 1732 et
835 1661 971 1760 frigoris
998 1659 1198 1732 discrimine
1226 1655 1351 1729 mundi

228 1769 232 1774 ’
278 1783 521 1857 conversiones
553 1796 590 1854 et
618 1785 706 1854 anni
734 1795 957 1879 tempestates
985 1780 1140 1871 dividat,
1174 1779 1347 1877 hincjam

277 1901 433 1976 barbaris
465 1901 668 1976 hominibus
696 1918 777 1976 nata
809 1917 862 1976 est
894 1903 1032 2000 opinio,
1065 1901 1127 1974 hos
1147 1904 1237 1975 Deos
1259 1925 1349 1988 esse,

275 2050 433 2123 quorum
465 2029 501 2102 vi
531 2037 568 2098 et
593 2021 833 2098 moderamine
857 2023 1017 2098 mundus
1037 2039 1180 2121 regatur
1201 2037 1241 2128 et
1264 2025 1349 2097 uni-

275 2171 421 2221 versum
450 2145 679 2245 compleatur.
730 2146 821 2236 Quis
842 2146 978 2244 ignorat
1002 2145 1189 2219 Persarum
1209 2145 1347 2243 religio-

275 2291 352 2360 nes,
375 2269 412 2340 in
435 2266 568 2368 quihus
590 2265 664 2340 duo
680 2265 738 2338 illa
761 2267 912 2338 numina
930 2279 1125 2340 consecrata
1145 2281 1246 2358 sunt,
1265 2267 1348 2340 lucis
1455 2327 1456 2360 p

276 2389 383 2481 alter,
411 2387 503 2462 alter
536 2386 765 2462 tenebrarum
806 2385 931 2461 Deus?
994 2387 1162 2486 Ejusdem
1202 2389 1347 2460 notionis
1455 2377 1456 2402 ³

275 2513 439 2610 vestigia,
462 2511 626 2611 quamvis
649 2507 816 2602 obscura,
840 2513 878 2582 in
899 2513 1115 2584 Graecorum
1139 2508 1346 2611 mythologie

274 2647 466 2731 apparent,
496 2632 558 2706 ubi
586 2633 624 2704 in
655 2635 778 2731 primis
807 2631 1034 2706 celebrantur
1061 2633 1139 2712 Ζεὺς
1164 2647 1200 2704 et
1216 2629 1346 2722 Ἅιδης,
1455 2707 1456 2728 .

273 2753 362 2827 alter
383 2753 469 2828 coeli
489 2769 525 2827 et
546 2755 655 2847 lucis,
675 2754 763 2828 alter
787 2756 857 2828 orci
881 2767 917 2824 et
936 2752 1165 2828 tenebrarum
1183 2755 1281 2828 Deus
1294 2764 1346 2823 ²¹.

274 2873 374 2948 Idem
396 2876 524 2949 clarius
548 2876 789 2974 significarunt
809 2877 859 2948 illi
886 2878 962 2950 sive
987 2875 1135 2973 theologi
1159 2879 1234 2950 sire
1256 2875 1345 2976 phy·
1455 2961 1456 2982 Χ

272 2997 355 3090 sici,
388 2998 453 3098 qui
479 2999 635 3072 Deorum
656 3023 821 3094 personas
845 2998 890 3070 ad
912 3012 1060 3070 naturae
1088 3001 1180 3071 vires
1199 2996 1346 3072 mundi·

273 3143 347 3219 que
371 3133 487 3218 partes
510 3119 619 3219 magis
642 3119 968 3211 accommodarunt3
992 3135 1035 3194 ut
1055 3119 1261 3210 Acusilaus,
1287 3121 1346 3220 qui
1455 3165 1456 3202 2

273 3239 417 3314 Hesiodi
436 3239 661 3340 theogoniam
681 3242 856 3330 imitatus,
873 3243 966 3332 inter
981 3242 1241 3340 antiquissimos
1262 3243 1346 3314 Deos
1455 3337 1456 3350 ἦ

274 3361 385 3436 re'lert
413 3367 534 3440 Νύκτα
556 3376 594 3436 et
616 3359 735 3460 Αἰθέρα
750 3371 805 3438 ²².
856 3363 958 3455 Quae
990 3376 1112 3435 autem
1142 3359 1191 3433 illi
1218 3361 1346 3437 fabulo
1423 3398 1426 3406 ν

321 3575 329 3608 r
398 3557 455 3610 nd.
473 3575 510 3610 rs.
532 3575 583 3610 rra.

304 3561 363 3716 ledi
396 3649 452 3701 Hoc
474 3666 489 3702 e
512 3657 567 3702 tota
588 3651 643 3716 ejus
661 3664 749 3701 rerum
771 3649 927 3701 naturalium
942 3648 1114 3719 descriptione
1133 3649 1255 3720 deinceps
1273 3648 1346 3717 nugis

271 3738 378 3807 patebit.
398 3737 435 3791 cf.
449 3739 587 3808 praecipue
605 3737 670 3807 528.
877 3729 879 3734 ’

304 3830 361 3896 (nr)
394 3829 446 3880 llos
465 3829 624 3881 Graecorum
648 3827 717 3882 Deos
735 3847 794 3882 curn
815 3831 952 3884 Persarum
974 3829 1027 3882 Diis
1043 3837 1176 3898 comparat
1194 3830 1346 3884 Aristoteles.

272 3921 330 3975 Vrd.
350 3919 455 3986 Diogen.
471 3917 557 3975 hert.
576 3925 598 3992 1,
616 3925 645 3986 83
667 3925 751 3990 zoega
773 3921 896 3975 Abmndl
912 3939 938 3990 p.
959 3937 1003 3974 rm
1018 3937 1055 3990 aq.
1074 3921 1111 3974 cf.
1133 3921 1254 3974 Creoner.
1271 3923 1344 3989 Syrn-

271 4013 324 4066 bol.
398 4047 405 4062 ·
458 4027 478 4064 a.

303 4015 361 4170 (adl
379 4013 454 4154 pviill
467 4103 551 4156 schol.
574 4107 681 4160 Theocr.
703 4109 804 4172 Arflum.
824 4103 861 4156 ld.
884 4103 963 4167 xl11;
979 4103 1094 4156 Damaso.
1112 4103 1137 4153 in
1157 4102 1242 4155 Wolfii
1255 4099 1344 4154 luced.
