2870 4824
304 201 345 244 ΣΧ

350 351 429 424 lam
463 350 607 424 initium
643 350 801 424 facturus
837 376 960 426 suma
996 350 1235 450 Xenophane,
1259 349 1369 426 Elea*

303 484 454 557 tlcorum
473 493 632 571 auctore,
646 481 690 554 de
705 507 777 580 quo
799 482 839 554 in
862 481 927 556 hoc
950 480 1131 559 volumine
1155 494 1291 581 agetur.
1319 481 1364 554 In

302 613 504 714 colligendis
528 613 637 710 hujus
662 614 866 713 fragmentis
884 614 1007 690 studui
1032 640 1090 688 me
1115 639 1189 688 esse
1212 612 1363 713 dihgen-

302 757 389 837 tem,
408 755 528 818 tamen
545 768 636 816 num
647 743 820 842 quaedam
833 744 975 818 fortasse
991 769 1049 817 me
1065 743 1226 842 fugerint
1240 770 1259 815 a
1275 769 1364 842 quo-

302 875 436 948 tidiano
455 874 630 949 hhrornm
648 875 858 950 commercio
870 887 906 949 et
917 874 1140 948 literatorum
1163 874 1365 973 frequentia

301 1021 497 1099 remotum,
523 1009 588 1080 etsi
603 1033 677 1081 non
698 1007 815 1099 credo,
833 1007 1004 1082 affirmare
1017 1020 1137 1080 tamen
1153 1032 1225 1078 non
1237 1006 1362 1082 audeo.

302 1140 398 1212 Haec
412 1150 534 1216 autem
549 1141 719 1237 quoniam
731 1151 834 1214 erant
843 1142 1009 1238 pauciora
1021 1163 1130 1239 quum
1143 1139 1366 1212 utsententia

301 1274 380 1366 eius
391 1269 475 1344 inde
487 1271 637 1368 perspici
647 1283 778 1367 posset,
805 1296 847 1344 eo
855 1270 1044 1344 studiosius
1068 1281 1273 1367 persecutus
1283 1293 1364 1342 sum

300 1403 512 1500 scriptorum
541 1402 742 1476 testimonia
770 1399 868 1476 illius
893 1399 1021 1500 placita
1039 1400 1295 1492 referentium,
1318 1412 1365 1472 ut

300 1533 430 1606 horum
453 1533 552 1631 copia
593 1533 852 1631 quodammodo
878 1531 1026 1606 illorum
1053 1532 1243 1631 penuriam
1269 1556 1364 1606 com-

300 1676 473 1762 pensaret.

347 1907 401 1980 De
425 1905 643 2005 Xenophane
664 1907 728 2004 qui
746 1904 951 2005 singulatim
966 1908 1198 2005 scripserunt,
1224 1919 1366 2003 praeter

300 2035 383 2110 alios
395 2037 615 2111 memorandi
629 2035 840 2110 Feuerhnus
858 2050 896 2112 et
909 2037 1195 2130 uoschmannus3
1209 2049 1365 2136 uterque

299 2168 434 2264 scripsit
446 2173 729 2240 Dissertatiorrom
742 2173 1073 2262 Histor.Pltlorcpl.
1088 2168 1128 2238 da
1140 2170 1364 2262 Xenophane,

299 2296 430 2370 editam
446 2294 597 2368 Altdorf.
621 2321 735 2394 1729,
761 2297 813 2388 4⁰.
834 2297 1037 2395 Utrumque
1058 2307 1179 2368 autem
1192 2297 1366 2393 scriptum

299 2425 386 2500 adeo
416 2449 538 2497 rarum
561 2438 635 2517 est,
661 2437 705 2498 ut
740 2451 853 2523 paene
875 2427 993 2521 j'ame
1029 2425 1214 2500 doctorum
1239 2426 1366 2497 notitia

299 2560 496 2634 evanuerit.
532 2558 709 2657 Equidem
742 2585 826 2633 cnm
864 2559 929 2631 diu
961 2559 1091 2630 frustra
1128 2560 1364 2656 quaesissem,

299 2701 486 2764 contentus
510 2715 583 2763 esse
610 2689 720 2762 debui
747 2691 790 2761 iis
825 2715 918 2788 quae
947 2687 1008 2760 alii
1033 2687 1117 2762 inde
1146 2688 1363 2762 retulerunt.

299 2821 423 2918 Neque
453 2832 572 2892 tamen
599 2821 721 2918 magni
751 2817 909 2891 facienda
939 2817 1081 2893 ridetur
1096 2817 1183 2890 haec
1204 2821 1364 2913 jactura,

299 2975 415 3048 quum
428 2975 500 3022 non
510 2947 663 3022 dubium
675 2949 838 3026 videatur
849 2949 939 3046 quin
963 2946 1152 3045 pleraque,
1176 2945 1367 3020 deindeab

299 3077 376 3152 aliis
401 3093 610 3175 retractata,
634 3085 709 3177 jam
731 3080 937 3180 diligentius
962 3079 1117 3177 exposita
1144 3077 1230 3148 rint.

348 3334 573 3433 Xenophanis
596 3336 791 3436 fragmenta
813 3360 907 3434 quae
931 3333 977 3406 ad
1001 3330 1259 3431 philosophiam
1284 3357 1366 3430 per·

299 3465 418 3538 tinent
428 3491 610 3541 recensere
622 3467 777 3540 instituit
789 3465 994 3557 Fi'rllehorn,
1010 3469 1200 3560 Boytroepo
1209 3491 1285 3535 zer
1300 3466 1367 3536 Ge·

299 3603 448 3670 mlielta
475 3599 538 3671 der
564 3604 794 3693 Philosophia.
820 3597 1001 3694 Copiosius
1031 3609 1069 3670 ct
1096 3595 1271 3668 eruditius
1298 3619 1366 3666 ex-

301 3726 428 3824 plicuit
464 3729 545 3802 Chr.
585 3730 675 3828 Aug.
712 3728 879 3816 Brandis,
917 3728 1011 3802 edito
1043 3725 1367 3802 Commentationum

302 3859 538 3931 Elantiourum
558 3871 665 3954 purte
683 3866 822 3955 primo,
846 3855 998 3930 Altonae
1027 3853 1136 3948 1813,
1153 3855 1275 3951 inquo
1292 3851 1365 3924 Xe-
