2840 4820
4 3235 6 3260 l

485 329 700 372 nninosmuu.
1067 310 1130 371 113
1208 389 1209 393 Ἰ

74 489 153 558 mari
185 486 325 559 videtur
359 485 469 580 ipsius
501 483 729 580 Xenophanis
772 483 866 556 dioto
902 484 998 583 quod
1027 509 1135 581 supra

73 619 107 666 ex
132 591 319 663 Aristotele
351 589 538 662 attulimus
565 617 573 661 :
604 593 765 688 Ξενοφάνης
801 589 924 685 ἰ’λεγεν,
958 592 1000 661 ὅτι
1040 601 1136 682 &punc

70 703 205 785 ὼεβώσιν
240 704 503 791 α’γενέσὲαι
538 707 691 793 φάσκοντες
727 702 787 774 τοὺς
812 699 882 774 &uic
907 718 961 776 τοῖς
990 703 1136 767 ἀποθα-

69 827 141 874 νεῖν
168 808 307 898 λέγωσιν·
335 813 496 901 ἀμφοτέρως
521 810 579 898 γὰρ
607 804 787 893 συμβαίνει,
815 813 855 894 μὴ
888 800 964 872 εἶναι’
985 831 1051 874 ποτε
1077 808 1137 880 τοὺς
1219 893 1221 898 X

68 917 151 988 Ξεώς.
181 911 283 982 Unde
312 909 430 1005 colligi
460 933 533 978 non
565 921 698 980 temere
732 911 868 1005 possit,
896 907 990 978 idem
1024 932 1135 1006 argu-

68 1029 220 1090 mentum
251 1017 289 1086 iu
320 1016 430 1111 ipsius
447 1016 619 1104 carmine,
649 1039 766 1112 quum
790 1014 836 1086 de
870 1013 988 1086 divina
1007 1026 1137 1084 natura

67 1135 195 1222 ageret,
238 1121 337 1193 haud
366 1120 472 1217 plane
501 1123 669 1192 omissum
689 1147 772 1193 esse.
793 1119 886 1192 Cum
911 1119 1138 1215 Xenophanis

67 1243 182 1314 autem,
215 1229 310 1300 dicto
345 1229 501 1300 concinit
544 1227 749 1324 Epicharmi
784 1224 846 1298 ille
884 1251 1006 1298 versus
1041 1227 1139 1323 apud

66 1336 152 1433 Diog.
183 1334 298 1406 Laert.
324 1333 395 1423 ΙΙΙ,
417 1346 500 1406 sect.
530 1357 598 1404 10:
930 1351 934 1358 ·

105 1479 182 1552 'All'
207 1494 257 1552 ἀεί
275 1511 314 1552 τοι
340 1487 403 1551 θεοὶ
426 1499 560 1578 παρῆσαν
585 1488 635 1550 καὶ
668 1484 798 1552 ὑπέλιπον
824 1485 852 1551 ου’
879 1493 1021 1552 πώποκα·

106 1601 183 1669 Τάδε
197 1598 210 1695 (
223 1606 261 1667 τὰ
285 1597 384 1694 θεῖα)
408 1591 436 1665 δ’
449 1599 493 1666 ἀεὶ
514 1590 645 1691 πάρεσθ’
657 1595 760 1686 ὅμοια,
787 1597 878 1666 διὰδὲ
901 1614 955 1665 τῶν
977 1599 1069 1666 αὐτῶν
1083 1608 1138 1668 ἀεί.

561 1857 634 1938 §n

4 2103 5 2126 i
103 2054 228 2150 Altero
245 2068 458 2152 argumento
476 2079 595 2128 unum
621 2079 695 2127 esse
721 2055 841 2128 Deum
863 2055 1143 2135 demonstratos

65 2165 126 2259 ipsa
150 2165 269 2238 divini
290 2165 449 2236 numinis
469 2175 610 2234 natura.
638 2161 761 2234 «Talis
788 2166 910 2255 enim,⁴
926 2167 1061 2264 inquit,
1081 2196 1143 2244 na-

65 2281 134 2340 lum
159 2283 214 2342 est
239 2273 354 2356 Deus,
371 2282 413 2340 ul
437 2271 483 2340 sit
506 2271 669 2340 omnium
694 2271 851 2367 optimus
866 2283 903 2343 et
922 2277 1145 2368 praestantis·

65 2379 164 2448 simus
192 2405 200 2448 ε
231 2401 308 2474 quo
339 2377 555 2468 constituto,
586 2377 751 2475 sequitur
786 2391 829 2449 ut
858 2404 925 2450 nec
955 2383 1145 2480 quisquam

65 2479 115 2553 illo
137 2486 307 2580 superior
337 2507 457 2579 neque
495 2482 619 2580 plures
648 2485 743 2556 inter
778 2509 815 2556 se
842 2509 943 2580 pares
970 2485 1028 2557 Dii
1063 2513 1145 2584 pos-

63 2592 124 2660 sint
152 2591 306 2682 haberi,
335 2591 505 2686 quoniam
534 2589 607 2660 hoc·
632 2590 904 2673 modosumma
931 2589 992 2663 illa
1023 2619 1145 2690 praes-

64 2697 279 2784 lausiacus,
297 2701 371 2792 ipsa
388 2695 476 2766 adeo
499 2695 566 2767 Dei
588 2708 730 2786 natum,
756 2694 907 2768 tollitur.
927 2723 947 2768 n

103 2844 240 2916 llultos
254 2847 486 2942 antiquonum
502 2842 594 2916 locos
610 2845 780 2930 vidimus,
804 2847 870 2942 qui
886 2847 1121 2921 testificantur
1136 2904 1147 2942 ,

67 2947 323 3049 Xenophanem
353 2951 517 3048 vulgares
546 2951 591 3022 de
633 2951 709 3022 Diis
751 2953 934 3048 opiniones
969 2953 1147 3030 fictiones-

66 3081 128 3154 que
150 3065 344 3157 poetarum
371 3060 604 3131 vehementer
625 3058 840 3156 improbasse
862 3074 899 3132 et
922 3063 1076 3134 studiose
1096 3088 1149 3136 re-

68 3163 208 3259 lulasse3
234 3165 450 3262 protulimus
477 3166 587 3262 ipsius
604 3163 741 3237 dictum
757 3189 831 3262 quo
857 3191 954 3238 unus
976 3165 1038 3239 ille
1051 3168 1148 3242 Deus

68 3269 303 3344 celebratur:
346 3327 348 3334 Α

157 3423 200 3498 εἷς
222 3426 293 3498 ,θεὸς
319 3421 350 3510 io
382 3449 412 3490 τε
439 3428 532 3491 θεοῖσι
557 3427 607 3489 καὶ
629 3427 806 3517 ἀνθρώποισι
837 3431 953 3515 μέγιςος

68 3573 153 3647 Huic
195 3589 320 3648 tamen
347 3577 543 3650 sentcntiae
579 3577 798 3648 contrarium
836 3575 1023 3666 videntur,
1050 3579 1149 3674 quod

71 3703 134 3751 non
157 3683 270 3752 modo
296 3707 429 3772 unum,
447 3681 508 3753 sed
532 3683 717 3754 interdum
743 3681 864 3778 plures
892 3705 1038 3778 quoqne
1060 3683 1149 3756 Deos

70 3789 542 3886 commemorasse-dicitur,
570 3801 605 3858 et
636 3789 675 3858 in
702 3787 769 3859 hoc
794 3790 868 3885 ipso
900 3814 1006 3862 versu
1030 3815 1151 3863 unum
1234 3855 1242 3866 .

72 3893 212 3985 quidem
242 3895 405 3966 omnium
430 3895 771 3992 praestantissimum
799 3895 880 3966 sacit
907 3895 1052 3988 Deum,
1083 3922 1150 3969 nec

71 4007 182 4071 tomen
212 3997 342 4095 plures
367 4002 457 4074 Deos
483 4003 629 4074 omuino
654 3999 778 4107 tollere
806 3999 965 4076 videtur..
985 4003 1054 4076 Sed
1077 4003 1150 4076 hu-

266 4110 293 4170 1·
980 4133 1004 4204 9
