2966 4824
295 326 357 386 lto
689 343 737 390 nn
760 339 976 396 renuentum

235 499 237 502 ⁵
291 521 445 604 ornatu,
479 507 581 584 simili
613 523 731 583 tamen
762 525 813 584 est
832 511 986 610 -iugenio
1011 521 1048 582 et
1073 533 1197 602 seusu3
1226 523 1367 588 utnon

157 615 167 640 ⁸
291 631 467 705 immerito
500 631 601 706 Plato
631 633 669 702 in
703 630 769 706 hac
798 630 1027 730 exprimenda
1060 629 1168 708 illum,
1203 630 1366 708 videatur

289 750 470 828 imitatus:
498 753 650 853 utrique
672 754 826 854 imagine
847 754 975 832 veteris
997 751 1236 852 philosophiae
1257 753 1367 830 viset

290 873 463 976 elegantia
487 890 661 976 tanquam
685 874 779 948 clari
799 874 913 974 elligie
935 876 1188 972 estlerpressa.

789 1129 863 1239 sa.

588 1389 802 1453 anemuri
820 1353 1061 1454 ursinumro.

207 1629 210 1636 ‘
335 1619 415 1692 Jaru
436 1617 560 1716 templi
580 1617 690 1691 limen
710 1619 877 1718 ingressi,
910 1621 1023 1734 ipsam
1046 1619 1157 1706 stam
1173 1617 1366 1695 audiamus

287 1743 509 1840 loquentem.
562 1740 776 1840 Priusquam
805 1742 957 1815 rationes
985 1765 1066 1814 suas
1096 1741 1274 1841 explicare
1302 1769 1366 1842 ag-

286 1861 471 1961 greditur,
497 1864 619 1961 paneis
639 1861 1005 1961 proponitxsummam
1025 1885 1146 1936 rerum
1167 1887 1258 1964 quus
1278 1861 1365 1962 phi·

286 1981 442 2084 l⁰⁵⁰Phia
483 1996 606 2056 tfaciat
630 1991 673 2074 ⁵,
707 2009 851 2056 omnem
887 1987 1121 2086 cognitionem
1149 1985 1366 2060 distribuens

283 2106 323 2176 in
345 2105 419 2178 dno
436 2129 582 2204 genera,
606 2129 764 2204 quorum
777 2103 931 2179 alterum
948 2109 1193 2199 veritatem,
1210 2106 1365 2182 alterum
1466 2141 1467 2144 ¹

283 2227 510 2324 opiniones
549 2251 615 2300 seu
659 2225 906 2304 mortalium
936 2228 1037 2302 -visa
1080 2227 1363 2326 comprehendit.

283 2347 484 2448 Utriusque
514 2371 618 2447 quae·
645 2347 732 2418 ratio
762 2348 807 2420 sit
839 2361 877 2421 et
907 2349 1090 2442 materies,
1125 2348 1363 2424 attendamus.
1466 2423 1467 2460 q

284 2467 480 2542 Veritatem
512 2467 686 2567 appellat,
712 2470 750 2540 iu
777 2493 850 2568 qua
872 2484 925 2544 est
944 2485 1061 2544 certa
1088 2470 1200 2545 fides
1222 2484 1260 2544 et
1279 2495 1364 2569 per·.
1466 2485 1467 2518 ³

255 2583 456 2662 ¹suadendi
491 2593 544 2663 vis
569 2589 694 2684 (πίστις
725 2587 883 2690 baalim
917 2588 1123 2690 opiniones,
1157 2591 1196 2664 iu
1230 2589 1364 2690 quibua

200 2691 203 2700 ¹
282 2709 458 2784 fallacia
478 2715 570 2791 inest
588 2711 752 2811 (dnarllz
776 2711 995 2812 illam'pouit
1018 2715 1057 2786 iu
1087 2739 1130 2787 eo
1157 2713 1256 2813 quod
1278 2725 1363 2804 est,

280 2831 357 2907 sive
394 2833 492 2932 qnod
524 2847 686 2910 onustans
715 2847 768 2908 est
799 2849 836 2910 et
864 2851 1073 2927 aeternum3
1106 2835 1171 2908 has
1195 2835 1236 2908 iu
1254 2833 1362 2908 rebus

281 2977 377 3054 quae
405 2953 637 3050 videntur,
673 2970 864 3030 mutantur
898 2971 936 3030 et
967 2955 1100 3031 fluunt.
1160 2955 1214 3030 Ut
1234 2933 1361 3030 autem

281 3079 357 3156 vitu
378 3077 417 3150 in
445 3075 554 3151 rebus
578 3077 735 3152 externis
754 3093 791 3152 et
812 3094 1044 3152 externarum
1067 3101 1192 3150 rerum
1213 3077 1362 3152 notioni·

277 3195 350 3274 'bus
379 3199 512 3298 posita,
547 3225 697 3289 seusu,
731 3199 876 3290 auditu,
902 3201 981 3276 visu
1015 3201 1289 3299 pereipiuntur‚
1313 3199 1361 3272 aio

280 3323 409 3399 veritas
421 3347 443 3394 a
453 3335 647 3419 conspectu
659 3335 794 3395 remota
816 3323 953 3394 animo
969 3335 1112 3396 tautum
1129 3320 1359 3420 eomprehen-

161 3495 166 3506 .
276 3440 390 3516 ditur.
441 3443 666 3518 Postremum
684 3441 751 3555 hoc
772 3442 959 3518 discrimen
982 3469 1207 3545 quamquam
1230 3443 1270 3514 iu
1292 3441 1360 3516 de-

274 3561 442 3636 finiendis
467 3563 519 3635 his
541 3562 731 3662 generibus
752 3564 981 3638 Parmenides
1009 3587 1269 3662 nonexpresse
1296 3589 1364 3666 uo·-

277 3685 388 3776 tavit‚
425 3684 594 3784 siguificat
627 3697 747 3760 tamen
784 3685 822 3756 in
856 3687 1033 3777 carmine,
1069 3709 1188 3784 quum
1219 3683 1358 3776 oculos,

277 3829 398 3898 aures,
410 3805 586 3907 linguam,
603 3820 646 3878 ut
655 3804 801 3883 hebetes
817 3821 854 3882 et
870 3805 1054 3907 ambiguos
1064 3807 1217 3904 spernit,
1230 3817 1356 3882 ve'rum

276 3925 505 4026 intelligentia
540 3927 742 4002 erratione
777 3929 943 4029 cognosci¹
967 3923 1068 4025 jubet
1100 3927 1213 4026 (κρῖναι
1245 3927 1356 4026 λργῳ,

310 4077 351 4146 (5)
367 4078 422 4130 vid.
442 4097 487 4132 raa.
511 4081 612 4148 29-31.
