2966 4824
294 369 357 433 rto
377 405 380 410 ·
684 383 739 430 nn
757 381 976 432 raummts

289 549 345 624 d'n
365 551 440 649 ipse
468 563 506 624 et
536 549 627 624 entis
654 549 898 624 aeternitatem
921 571 1130 630 conservare
1157 563 1194 622 et
1215 561 1367 623 naturae

290 669 569 748 ricisdtudinem
592 671 687 744 tueri
717 684 770 744 est
791 685 949 745 conatus.
1004 670 1116 771 Atqui
1137 669 1368 748 animadver-

291 794 443 870 tendum
467 819 609 888 rumis,
633 795 735 868 istam
758 793 1039 888 conclusionem,
1060 793 1174 868 nihil
1194 793 1367 868 fluxum

289 943 400 1011 esse,
418 931 649 991 aeternum
666 941 757 991 esse
776 918 1055 1011 universum,
1074 915 1367 1017 quamvisePar-

289 1037 440 1114 menidis
454 1040 760 1139 argumentotione
777 1038 942 1130 ductam,
965 1063 1039 1112 non
1058 1051 1178 1111 umen
1194 1063 1240 1112 ex
1257 1038 1367 1137 ipsine

288 1172 411 1236 mente
441 1183 643 1258 expressam
667 1185 753 1234 esse.
798 1159 880 1246 Ille,
916 1160 954 1230 in
990 1157 1244 1234 consideranda
1277 1161 1368 1234 entis

288 1295 437 1374 natura,
455 1279 528 1354 nou
546 1282 721 1382 quaesivit
735 1280 780 1358 de
797 1279 926 1356 mundi
941 1279 1143 1382 principiis,
1167 1293 1367 1380 unumque

288 1417 545 1504 argumentum
562 1428 635 1478 non
655 1403 853 1502 copulavit,
885 1401 947 1476 sed
975 1401 1165 1501 disjunxit,
1193 1403 1232 1476 in
1258 1401 1367 1476 ὼω

287 1523 398 1598 solam
447 1521 633 1601 veritatem
677 1526 867 1638 spectavit,
914 1523 1069 1598 alterum
1109 1523 1154 1598 ad
1193 1523 1366 1626 opinionis
1470 1581 1471 1590 2

288 1644 363 1718 risa
395 1643 530 1744 rejecit.
586 1648 739 1722 Sericres
772 1671 876 1738 vero,
896 1647 1112 1744 praesertim
1144 1646 1305 1746 sceptici,
1330 1645 1366 1718 in
1470 1649 1471 1652 ’

288 1767 410 1844 nulus
443 1765 618 1842 Eleatioos
648 1767 834 1861 aemulati,
866 1766 1010 1841 illorum
1036 1767 1190 1842 rationes
1209 1793 1366 1866 tuurpa-

288 1901 376 1961 runt
413 1885 460 1962 ad
494 1885 720 1990 physicorum
758 1888 884 1988 placita
924 1887 1114 1962 refutanda
1157 1903 1194 1962 et
1223 1911 1366 1962 omnem
1470 1891 1471 1894 ’

287 2031 411 2096 rerum
437 2025 605 2086 naturam
633 2008 932 2100 labefactandam,
967 2033 1128 2108 quorum
1156 2009 1365 2084 sententiam

286 2131 392 2206 multi
421 2159 610 2234 perperam
635 2157 722 2208 cum
759 2130 939 2210 veteribus
970 2129 1039 2206 illis
1068 2131 1234 2208 fecerunt
1270 2155 1367 2204 com·

286 2277 438 2328 munem
457 2257 513 2326 ⁶⁹.
568 2275 572 2282 ·
976 2291 980 2300 ·
1070 2281 1074 2290 ·

786 2513 863 2592 ss.

332 2741 563 2816 Parmenides
579 2742 690 2840 igitur
706 2767 752 2816 ex
767 2743 841 2840 ipsa
858 2741 949 2816 entis
966 2743 1110 2815 notione
1126 2733 1364 2814 demonstrare
1468 2731 1469 2746 ³

286 2862 444 2954 studuit,
466 2861 557 2935 illud
575 2877 763 2938 aeternum
785 2889 876 2938 esse:
898 2891 1016 2966 quum
1037 2866 1135 2940 enim
1152 2864 1197 2938 sit
1214 2863 1363 2964 simplex

199 3067 202 3082 Ι
282 2998 320 3058 et
347 2983 578 3078 uniusmodi,
605 3009 681 3061 non
704 3013 803 3086 posse
839 2986 903 3060 ulli
936 3001 1085 3060 naturae
1113 2987 1275 3062 varietati
1301 3011 1365 3058 nec

283 3103 453 3204 temporis
475 3103 712 3183 vicissitudini
733 3089 808 3183 esse
831 3107 1038 3186 obnoxium.
1073 3109 1194 3200 Quam
1209 3106 1363 3181 aeterni-

282 3228 362 3302 tatis
387 3228 569 3302 uotionam
595 3230 739 3332 egregie
765 3234 937 3332 expressit
963 3257 1038 3306 uno
1063 3228 1236 3306 uocabulo
1260 3229 1361 3304 ’ἐστι
1466 3313 1467 3334 3

281 3349 400 3450 Vulgo
424 3346 572 3449 quidem
595 3366 833 3427 aeternum
850 3351 991 3426 definiri
1010 3351 1113 3443 solet,
1137 3349 1176 3424 id
1199 3351 1297 3450 qnod
1313 3365 1362 3424 est

281 3497 497 3572 semperque
513 3469 585 3544 fuit
601 3497 814 3577 semperque
831 3457 1001 3548 futurum
1015 3485 1084 3566 est3
1101 3473 1192 3546 sicut
1206 3467 1360 3544 Melissus

280 3591 386 3666 dicit:
412 3593 470 3670 ’ὅτε
491 3595 595 3670 τοίνυν
621 3599 679 3671 οὐκ
702 3595 854 3696 ἐγένετο,
877 3599 950 3671 ’ἐστι
972 3623 1010 3670 τε
1028 3597 1085 3672 ml
1104 3594 1158 3672 let
1179 3585 1213 3684 ip
1232 3593 1290 3668 sal
1310 3591 1359 3666 last

281 3713 376 3790 loros
392 3722 446 3787 ⁷⁰.
499 3717 717 3794 Praeclarius
738 3745 823 3793 vero
841 3717 1068 3793 Parmenides
1089 3743 1197 3792 omne
1220 3729 1357 3814 tempo-

312 3885 369 3954 (69)
402 3888 441 3940 De
458 3888 580 3958 Sceptieis
593 3889 645 3940 rid.
660 3889 751 3944 Sextus
768 3891 864 3961 Empir.
882 3890 937 3944 adr.
953 3890 1076 3944 uuum.
1091 3887 1135 3949 x,
1152 3903 1171 3938 a
1188 3881 1311 3961 idreubi
1327 3875 1356 3930 tl·

279 3973 429 4037 Fabricios,
447 3979 569 4050 idemque
586 3979 620 4032 ad
636 3979 752 4034 Chalcid.
772 3981 788 4032 l.
804 3982 822 4035 l.

314 4065 373 4130 (7⁰)
408 4065 482 4135 Apud
498 4067 612 4138 simplic.
630 4071 710 4140 Phys.
728 4071 745 4125 l.
765 4075 795 4122 ad
814 4075 836 4123 ll.
