2870 4824
500 416 684 470 retrosus.
727 467 732 489 ,
1088 397 1133 461 53

115 589 154 637 u.
177 563 209 656 4.
226 567 329 654 δόκας,
347 561 386 634 h.
412 590 444 637 e.
471 566 585 647 δοκησις
600 565 658 640 vel
673 569 768 655 δόξα,
794 567 992 666 interprete
1012 569 1129 641 Sexto.

78 673 168 742 liliam
179 671 382 744 Archiloch.
409 672 532 770 fragm.
561 674 661 766 XIV,
687 701 721 772 p.
736 676 796 773 98.
819 676 857 747 iu
875 674 1020 749 Collect.
1035 675 1129 778 Lips.

76 775 348 850 etCallimachus
372 776 439 850 hoe
463 779 609 852 nomine
626 781 682 854 usi
708 793 816 854 suut:
842 782 886 854 el.
922 781 1055 856 Fabric.
1086 783 1132 856 ed

76 885 147 955 Sext.
163 885 265 982 Emp.
285 908 321 982 p.
342 911 400 984 71.
418 884 625 984 Antiquom
648 887 866 962 vocabulum
889 887 1030 988 vulgari
1048 913 1130 986 per-

74 993 200 1066 mutarit
221 992 465 1090 Epiphanius,
485 991 552 1066 hoc
581 993 719 1068 dietum
742 995 791 1068 ita
816 995 974 1068 referens
990 1022 998 1068 ι
1016 997 1130 1078 δόκησις

73 1094 91 1166 δ
103 1103 140 1170 tot
158 1115 226 1171 τοῖσι
240 1101 385 1172 τέτυκται.
400 1100 477 1176 adv.
493 1101 661 1176 Haereses
676 1102 714 1174 L.
728 1102 800 1196 ΙΠ,
813 1101 892 1176 Vol.
911 1103 948 1196 Ι,
965 1126 1001 1201 p.
1023 1103 1130 1202 1087.

543 1373 618 1440 XV.

141 1581 239 1645 Ταῦτα
263 1577 424 1662 δεδόξαςοττ
446 1580 500 1670 μὲν
528 1585 636 1650 ἐοικότα
659 1595 713 1658 τοῖς
739 1585 872 1672 ἐτύμοισι.

98 1786 221 1862 laudat
233 1789 337 1864 hunc
351 1817 496 1866 versum
510 1791 725 1868 Plutarchus
738 1793 898 1892 Sympos.
913 1790 981 1883 IX,
997 1816 1032 1888 p.
1046 1787 1125 1890 746

64 1891 90 1962 Β.
108 1894 164 1967 ubi
185 1897 371 1995 proverbii
384 1900 495 1972 instar
508 1912 717 1998 usurpatur.
732 1899 868 1972 Eadem
880 1900 920 1970 in
935 1897 1003 1972 hoe
1018 1922 1125 1971 versu

63 1997 233 2076 affirmandi
258 2003 430 2079 modestia
443 2007 617 2079 cernitur.
633 2007 850 2090 -δσδόξαςαι
862 2002 984 2099 scripsi
997 2027 1062 2100 pro
1075 2003 1124 2070 δι-

62 2105 207 2200 lluflaz,
246 2113 348 2210 quod
381 2113 420 2184 in
456 2112 648 2186 Plutarcho
683 2111 817 2211 legitur
848 2110 898 2184 ob
927 2109 1123 2184 verborum

60 2233 179 2288 nerum.
196 2260 248 2272 -
267 2227 377 2291 ἐοικότα
392 2241 451 2300 τοῖς
462 2227 585 2314 ἐτύμοισι
606 2218 799 2292 modestius
810 2229 863 2290 est
881 2216 999 2290 dicere
1012 2240 1125 2314 quam

60 2315 150 2416 ἔιιμα,
174 2336 290 2424 atque
316 2326 375 2398 hic
400 2352 488 2400 usus
516 2327 617 2402 verbi
641 2335 765 2398 ιάκέιιαι,
784 2326 893 2398 etiam
917 2325 957 2395 in
981 2321 1124 2422 elegun-

62 2433 115 2498 lem
130 2456 334 2505 sermonem
353 2431 544 2507 translatus
561 2447 623 2508 est.
638 2433 738 2505 Plato
755 2429 887 2532 Cratyl.
908 2457 943 2529 p.
960 2429 1051 2522 416,
1064 2429 1098 2500 Α
1113 2456 1125 2500 τ

61 2533 130 2616 ἔοικάς
156 2569 189 2634 γε
219 2542 327 2638 ipsos
350 2545 470 2638 λέγοντι.
505 2541 596 2616 Ibid.
629 2550 674 2640 p.
701 2540 801 2640 409,
834 2539 878 2612 Α.
913 2540 1003 2637 ch.
1038 2538 1123 2630 ΙΙΙ,

61 2664 85 2736 Ρ·
108 2645 202 2740 4¹42
228 2648 271 2720 C·

537 2855 624 2922 xvi.

136 3061 227 3132 Οὔτοι
252 3055 302 3132 ἀπ’
322 3073 417 3158 ἀρχῆς
438 3071 535 3132 πάντα
565 3065 628 3130 θεοὶ
651 3066 768 3141 θνητοῖς
787 3063 962 3150 ὑπέδειξαν,

132 3159 214 3238 stt&
239 3176 337 3264 χρόνῳ
360 3177 517 3249 ζητοῦντες,
532 3173 735 3264 ἐφευρισκᾳισιν
764 3169 892 3262 ἄμεινον,

93 3381 221 3454 Versus
250 3371 386 3455 laudati
418 3381 611 3456 aStobaeo
638 3383 677 3454 in
693 3380 855 3482 Florileg.
882 3383 949 3454 Tit.
976 3381 1123 3474 XXIX,
1263 3347 1268 3354 .

58 3497 122 3556 sect.
146 3487 208 3579 4ι.
228 3488 285 3561 ed.
309 3488 417 3562 Gaisf.
445 3503 482 3564 et
511 3491 550 3562 iu
575 3487 693 3590 Eclog.
713 3487 751 3560 P.
766 3489 810 3580 1Ι,
829 3487 1125 3586 P·22l,i11qui·

59 3587 110 3664 bus
129 3593 340 3676 Gaisfordo'i
359 3597 550 3674 lectionem
577 3599 692 3672 secuti
721 3622 857 3670 sumus.
883 3597 950 3669 Pro
972 3599 1124 3708 ὑπέδειξαν

58 3853 109 3922 XV.
131 3865 211 3928 Haeo
232 3869 348 3949 quidem
366 3893 434 3933 vero
453 3871 586 3934 videntur
605 3871 713 3932 similia.

58 3984 124 4052 XVI.
147 3997 215 4057 Nou
235 4001 326 4060 omnia
346 4003 439 4062 statim
460 4002 495 4062 ab
514 4003 596 4062 initio
617 4001 665 4060 Dii
684 4009 876 4061 monstrarunt
894 3997 1078 4075 mortalibus,
1168 3983 1172 3992 .

143 4085 194 4146 sed
217 4091 349 4170 temporis
367 4111 514 4172 progressu
532 4093 586 4174 ipsi
602 4088 717 4152 meliora
736 4087 894 4171 quaerendo
912 4099 1087 4172 repererunt.
