2942 4830
527 395 768 448 aumosorffls.
1117 377 1180 440 215

107 587 321 663 componere
351 561 444 636 nolle
473 561 689 656 dictitantes,
719 587 798 671 rem
828 565 867 638 in
897 563 1034 662 integro
1068 559 1184 634 relin-

108 697 247 783 quant,
270 682 494 758 attendamus
523 683 639 780 potius
659 707 700 756 ea
718 710 812 786 quae
827 683 938 784 ipsius
966 680 1185 758 Parmenidis

106 829 235 880 versus
262 805 464 904 significant.
506 803 692 904 Nusquam
710 805 770 882 ille
787 833 851 880 ens
866 806 942 880 Dei
958 803 1103 878 nomine
1119 811 1186 902 ap-
1262 825 1264 830 ’

105 925 237 1023 peliat3
260 927 369 1000 immo
390 951 474 1002 vero
498 929 537 1000 in
563 929 706 1004 exordio
721 930 839 1004 Deum
859 927 960 1027 fingit
975 924 1063 1000 haec
1080 923 1187 1023 expli·

107 1061 269 1139 cantem,
281 1061 317 1120 et
333 1060 406 1120 tarn
426 1048 582 1124 veritatis
603 1051 838 1150 cognitionem
857 1073 967 1150 quarn
978 1042 1187 1145 opinionum

107 1168 180 1242 visa
203 1166 272 1240 sibi
293 1172 533 1267 aperientem
552 1169 783 1271 eundemque
803 1196 867 1270 per
885 1183 1000 1244 totum
1021 1165 1188 1264 deinceps

107 1313 256 1362 carmen
288 1289 495 1390 loquentem
529 1291 623 1366 facit.
674 1295 808 1393 Equo
837 1305 981 1392 apparat
1009 1289 1186 1388 profecto,

107 1407 363 1486 Parmenidem
382 1436 503 1510 neque
522 1437 587 1486 ens
606 1411 702 1486 idam
721 1411 848 1488 dixisse
863 1439 904 1487 ac
916 1415 1050 1506 Denrn,
1068 1433 1191 1508 neque

108 1555 195 1607 vero
235 1531 394 1610 divinam
418 1549 585 1608 naturam
610 1535 802 1641 sustulisse.
852 1533 977 1628 Qualis
1004 1545 1125 1607 autem
1145 1533 1191 1606 sit

108 1653 225 1750 Deus,
262 1681 335 1730 non
368 1669 529 1731 accurate
558 1655 754 1756 explorasse
784 1655 952 1748 videtur,
975 1653 1036 1729 sed
1056 1653 1190 1754 poetice

110 1789 257 1852 tanturn
281 1779 505 1877 significasse,
524 1778 728 1875 praesertim
744 1780 786 1850 in
805 1779 870 1870 iis,
887 1800 981 1876 quae
1000 1774 1046 1848 de
1067 1796 1192 1848 rerum

110 1913 246 1974 natura
276 1901 373 1973 canit
387 1902 474 1996 1⁶³3
500 1899 623 1973 eadem
647 1899 793 1973 fortasse
813 1923 902 1972 usus
923 1895 982 1972 vel
1002 1893 1191 1994 prudentia

112 2018 168 2092 vel
200 2019 390 2110 modestia,
420 2045 494 2120 qua
523 2018 702 2111 Melissus,
732 2021 797 2121 qui
828 2017 874 2092 de
906 2017 979 2089 Diis
1012 2015 1212 2088 disseren-

113 2139 200 2214 dum
226 2167 299 2214 non
327 2143 484 2234 sensuit,
512 2139 698 2214 obscuram
720 2140 765 2214 de
793 2139 862 2214 iliis
881 2137 1002 2214 dicens
1030 2161 1104 2210 esse
1131 2159 1193 2207 co-

114 2263 309 2360 gnitionem
327 2265 405 2336 ¹⁶⁴.
915 2245 917 2250 ⁵

594 2482 702 2590 'ssa

162 2753 294 2845 Quum
315 2749 393 2824 talis
413 2752 458 2824 sit
474 2751 699 2826 Parmenidis
714 2751 819 2844 ratio,
835 2775 914 2824 non
926 2749 1079 2824 miretur
1096 2748 1195 2849 qnis,

118 2897 195 2946 eam
229 2899 249 2945 a
277 2872 399 2948 multis
428 2872 681 2973 reprehensam
706 2895 798 2966 esse,
827 2871 872 2946 ab
898 2869 1084 2946 Aristotele
1111 2869 1197 2944 adeo

119 2995 294 3068 eristicam
323 2995 460 3086 vocari3
483 2996 600 3095 potius
631 2995 838 3070 mirandum
869 2993 1054 3084 videatur,
1081 3017 1147 3066 cur
1176 3015 1198 3062 a

120 3118 268 3190 summis
290 3114 523 3215 philosophis,
547 3119 754 3214 praesertim
780 3144 800 3188 a
819 3115 983 3206 Platone,
1010 3115 1116 3187 tantis
1139 3112 1197 3186 ille

120 3235 232 3312 elatus
253 3237 297 3310 sit
313 3236 496 3326 laudibus,
524 3251 568 3340 ut
592 3237 699 3336 vulgo
724 3235 924 3310 Platonicae
939 3235 1118 3308 doctrinae
1141 3261 1199 3334 pa·

119 3379 200 3432 rens
227 3373 264 3433 et
283 3359 444 3432 idearum
463 3372 585 3432 auctor
607 3357 804 3432 celebratus
831 3358 887 3431 sit.

166 3480 348 3554 Nimirum
380 3479 626 3570 Parmenides,
669 3479 751 3554 licet
791 3480 829 3551 in
870 3476 1089 3578 peragrando
1121 3475 1207 3550 avio

121 3597 303 3676 Musarum
338 3627 461 3699 campo
485 3629 504 3674 a
526 3602 584 3678 via
603 3599 807 3692 deflexerit,
823 3663 826 3672 .
833 3598 1054 3698 praeclarum
1079 3611 1201 3672 tamen

151 3840 227 3908 (163)
259 3841 334 3902 Quod
359 3843 411 3912 jorn
437 3841 644 3896 animadversum
671 3847 710 3892 est
735 3857 750 3892 a
776 3837 919 3892 Morhemio
949 3837 985 3889 tl.
1001 3855 1157 3910 quamquam
1174 3839 1202 3892 in

123 3929 287 3999 explicando,
308 3933 392 4003 qualis
414 3934 447 3986 sit
466 3931 508 3986 ilie
524 3933 608 3994 Deus,
624 3939 721 4000 peccat
755 3932 811 3982 Van
827 3927 995 3998 ,der'Kernp,
1017 3937 1048 3979 ut
1066 3929 1140 3982 facile
1157 3946 1202 3982 er.

123 4028 237 4086 roseros,
257 4023 323 4073 hanc
340 4023 485 4092 opinionem
503 4029 535 4074 ut
550 4020 654 4090 impiam
678 4019 860 4073 aParmenide
876 4017 997 4098 repellit,
1011 4033 1045 4087 .p.
1062 4019 1111 4082 iri
1132 4027 1188 4072 not.

154 4148 227 4219 (164)
260 4150 317 4204 vid.
334 4151 461 4220 Diogenes
480 4151 631 4214 L.1x,at.
