2840 4820
279 335 342 399 128
690 359 728 399 mr
752 359 942 400 xenornmns

275 525 351 604 est,
376 517 482 608 cujus
511 514 697 611 proprium
724 527 801 604 est,
826 525 869 585 ut
893 511 1096 586 Aristoteles
1118 514 1203 586 dicit
1229 512 1280 605 ⁵⁰,
1307 515 1371 582 in·

276 620 402 717 degere
431 627 462 690 τὸ
492 619 525 690 ὂν
561 619 580 714 ᾗ
610 619 665 708 ὂν,
706 626 755 688 καὶ
788 628 825 689 τὰ
859 627 1022 714 ὑπάρχόντα
1052 623 1133 715 αὐτῷ
1161 619 1180 713 ᾖ
1208 621 1252 690 ἕν.
1287 619 1373 691 Sed

276 727 650 817 animadvertendum,
668 726 932 824 Xenophanem
949 752 1017 798 non
1040 734 1071 794 τὸ
1093 727 1126 797 ὃν
1150 729 1270 824 ipsum
1293 751 1373 823 per

275 859 311 906 se
334 833 537 932 indagasse,
556 834 617 905 sed
637 833 799 906 retulisse
824 835 890 906 hoc
916 833 959 904 ad
981 834 1136 906 divinam
1163 847 1371 924 naturam,

275 966 385 1038 quam
412 942 526 1012 menti
556 941 731 1036 objectam
763 943 907 1014 intuens
933 967 1006 1013 esse
1037 943 1182 1012 omnino
1212 941 1374 1038 praedi-

275 1049 390 1140 cavit3
419 1049 484 1144 qui
515 1073 598 1122 vero
628 1057 706 1144 post
732 1074 818 1120 eum
849 1048 940 1120 hanc
973 1049 1147 1119 rationem
1178 1049 1374 1144 persecuti

276 1166 384 1249 sunt,
411 1152 478 1227 Dei
505 1155 649 1226 notione
680 1153 829 1246 relicta,
867 1157 988 1252 ipsum
1024 1161 1054 1224 τὸ
1086 1153 1119 1223 ἓν
1154 1155 1374 1226 considera-

276 1273 374 1331 runt.
400 1261 444 1329 In
468 1260 535 1331 hac
558 1273 680 1331 eutem
704 1261 935 1356 inquisitione
956 1287 1039 1332 cum
1061 1261 1196 1350 omnia,
1213 1257 1375 1354 (verbis

169 1411 174 1420 -
276 1377 359 1436 utor
386 1363 618 1462 Aristotelis)
649 1365 869 1438 reducantur
899 1376 937 1444 εἰς
980 1372 1009 1434 τὸ
1034 1365 1067 1434 ὂν
1097 1371 1146 1432 καὶ
1173 1371 1202 1433 τὸ
1229 1375 1272 1455 μὴ
1301 1365 1373 1454 ὃν,

276 1477 325 1539 καὶ
352 1480 391 1549 εἰς
412 1469 445 1540 ἓν
476 1479 525 1541 καί
561 1475 700 1561 πλῆθος,
745 1483 783 1543 et
815 1471 902 1544 haec
941 1495 1161 1568 quamquam
1196 1473 1374 1568 opposita

276 1591 313 1650 et
329 1577 522 1666 distincta,
553 1592 681 1650 natura
713 1591 832 1650 temen
859 1604 1017 1650 connexa
1046 1579 1140 1648 inter
1164 1604 1200 1649 se
1225 1589 1262 1648 et
1284 1577 1375 1648 ¹col-

276 1683 382 1782 ligata
409 1685 505 1772 sint,
539 1683 775 1783 Xenophanes
805 1685 842 1756 id
873 1684 970 1782 quod
999 1709 1118 1754 unum
1153 1696 1204 1754 est
1234 1697 1375 1756 mente

276 1805 425 1884 tenens,
456 1817 708 1891 quaecumque
730 1793 774 1864 ab
794 1794 859 1865 hac
882 1791 1034 1890 simplici
1060 1791 1126 1862 Dei
1150 1804 1279 1862 natura
1313 1819 1375 1863 es-

276 1913 355 1972 sent
378 1903 514 1975 diversa
543 1904 691 1996 rejecit,
718 1903 894 1973 contraria
920 1901 1039 1971 omnia
1068 1900 1224 1972 sustulit.
1244 1901 1374 2000 ¹Hanc

277 2011 356 2102 ejus
378 2010 550 2081 rationem
573 2007 777 2107 Simplicius
801 2011 849 2080 sic
873 2011 1133 2106 interpretatur·
1158 2005 1180 2044 ⁵¹
1206 2035 1214 2078 :
1242 1992 1288 2078 '0‘
1307 2015 1375 2102 μὲν

277 2117 433 2212 Ξενοφάνης
464 2114 527 2209 (τὸ
556 2116 622 2212 ὃν)
649 2127 685 2192 ὡς
711 2127 824 2186 πάντων
854 2124 940 2185 αἴτιον
971 2123 1022 2183 καὶ
1045 2126 1159 2185 πάντων
1185 2123 1375 2210 ὑπερανέχον

277 2227 326 2288 καῖ
349 2232 485 2299 κινήσεως
509 2225 648 2288 αὐτὸκαὶ
672 2229 793 2315 ἠρεμίας
823 2225 873 2288 καί
895 2230 988 2298 πάσης
1020 2230 1198 2311 ἀντιςοιχίας
1226 2229 1374 2293 ἐπέκεινα

276 2331 415 2412 τίθησιν,
440 2323 602 2420 ὄσπερπαὶ
619 2336 633 2393 ὸ
653 2327 779 2393 Πλάτων
801 2333 831 2394 ἐν
860 2327 895 2420 τῇ
918 2335 1017 2420 πρώτῃ
1043 2332 1176 2396 ὑποθέσει
1202 2341 1246 2394 τοῦ
1274 2334 1374 2425 Παρ-

276 2434 394 2522 μενίδου.
439 2436 663 2526 Xenophanes
698 2439 881 2504 essentiam
929 2446 969 2503 nt
1006 2459 1164 2503 censeam
1203 2443 1373 2508 omnium

272 2567 361 2636 pree
375 2541 536 2610 omnibns
546 2547 759 2610 excellentem
775 2568 883 2634 snpra
897 2553 1021 2610 motum
1035 2553 1069 2610 ct
1080 2547 1224 2635 quietem
1239 2556 1275 2612 et
1287 2571 1374 2613 om-

276 2653 339 2716 nia
370 2653 549 2718 contraria
579 2647 778 2736 hujusmodl
799 2673 928 2740 ponera
952 2651 1085 2716 extollit
1107 2659 1209 2741 atque
1237 2649 1277 2716 in
1303 2676 1374 2720 au-

273 2760 416 2848 periore
445 2761 512 2836 loco
534 2760 694 2840 collocet,
724 2767 763 2824 nt
793 2759 963 2848 inprime
994 2755 1219 2824 Parmenidia
1243 2780 1374 2848 arqu-

279 2872 389 2930 mento
423 2863 534 2929 Plato.
569 2860 619 2928 At
655 2857 808 2930 Platonis
843 2858 1121 2956 disputationem
1157 2857 1373 2955 legentibus

279 2962 464 3062 apparebit
488 2989 660 3062 magnum
692 2989 764 3036 esse
790 2966 885 3035 inter
918 2977 1119 3062 utrumque
1144 2963 1370 3055 discrimen,

279 3084 388 3168 atque
406 3070 443 3142 id
470 3070 514 3141 ab
545 3069 607 3141 illo
628 3071 911 3168 argumentando
940 3072 1105 3168 probari,
1138 3097 1255 3142 unum
1288 3061 1373 3147 esse

278 3181 307 3248 si
337 3202 402 3274 per
434 3202 470 3248 se
502 3189 658 3274 ponatur
684 3178 729 3248 ab
757 3180 855 3248 omni
884 3178 1023 3250 diverso
1048 3191 1156 3276 atque
1181 3183 1374 3253 contrario

280 3285 532 3378 disjunctum,
569 3284 614 3356 de
652 3309 694 3355 eo
725 3283 815 3354 nihil
849 3309 947 3381 posse
984 3284 1206 3381 praedicari,
1237 3309 1374 3383 neque

278 3393 339 3462 ὅλον
364 3415 484 3487 neque
518 3391 607 3482 ἕρπον
646 3416 765 3488 neque
796 3389 870 3478 leco,
900 3394 1092 3490 ipsumque
1116 3390 1217 3463 nulla
1246 3392 1374 3467 forma

279 3523 378 3594 posse
407 3497 684 3592 comprehendi,
716 3497 873 3596 denique
898 3497 1124 3592 *hujusmodi
1152 3497 1243 3570 illud
1287 3523 1373 3572 esse

280 3616 324 3676 ut
351 3627 426 3675 non
456 3605 565 3700 magis
594 3601 664 3672 εἶναι
695 3629 804 3702 quam
829 3613 870 3694 μὴ
899 3600 969 3673 εἶναι
1001 3603 1164 3678 videatur
1190 3602 1225 3672 ⁵².
1257 3603 1374 3678 Idem

222 3825 228 3840 ¹
321 3829 656 3913 (50)Menph.111,§
680 3852 715 3906 2,
734 3853 760 3912 p.
784 3831 845 3892 665
866 3853 925 3926 ες..

322 3939 383 4016 (51)
406 3937 528 4019 Simplic.
551 3938 634 4020 Phys.
661 3940 711 3999 lol.
735 3961 751 4020 7
774 3944 807 4000 Δ.

324 4043 383 4122 (52)
406 4045 512 4104 Platon.
537 4046 627 4104 Parm.
650 4067 679 4125 p.
712 4047 765 4126 137
788 4047 810 4104 C
834 4079 873 4090 —
894 4067 922 4126 p.
951 4043 986 4122 rd
1027 4043 1058 4102 Β.
