2942 4830
297 395 361 458 220
693 409 742 458 nn
764 409 979 458 mmmm

294 577 373 651 lons
400 575 436 650 id
465 575 564 676 quod
590 601 654 678 per
680 603 719 651 se
746 591 815 672 est,
839 577 960 652 retulit
979 576 1046 652 hoo
1065 575 1110 650 nd
1133 603 1189 652 tes
1209 591 1369 654 aeternas

293 711 330 772 et
351 697 586 791 divinas‚non
608 711 730 774 nutem
753 723 873 773 unuin
894 723 970 774 esse
986 698 1095 791 dixit,
1114 713 1159 773 ut
1178 698 1368 773 Parmeni-

293 819 376 910 des,
416 843 537 920 neque
570 843 683 892 unam
714 819 934 894 honestatem
958 819 1015 896 vel
1041 819 1250 919 sapientiem
1271 843 1366 908 esse,

293 955 337 1016 ut
368 940 555 1033 Euclides,
594 939 719 1014 sedin
754 940 858 1038 plum
888 966 1016 1040 genere
1043 940 1161 1017 divisit
1190 954 1228 1014 et
1256 939 1367 1016 vario

293 1061 431 1138 effinxit
458 1062 610 1156 formos,
634 1077 678 1136 nt
704 1062 928 1161 pulcrum,
952 1077 1167 1154 sanetum,
1189 1061 1365 1152 bonum3

291 1209 422 1284 easque
447 1183 576 1257 formas
599 1209 819 1284 quamquam
846 1183 1004 1258 humens
1026 1197 1063 1258 et
1085 1197 1226 1258 terrens
1248 1197 1365 1256 oontn·

290 1305 393 1406 gione
426 1307 606 1380 immunes
634 1304 783 1398 dioeret,
806 1328 878 1378 non
900 1317 1019 1380 tomen
1046 1335 1066 1380 s
1090 1305 1225 1381 mundo
1247 1305 1364 1381 divel-

289 1427 331 1500 lit
363 1427 468 1526 plone
490 1454 531 1502 sn
561 1429 772 1528 segregavit,
808 1425 868 1500 sed
891 1428 1108 1526 exemplaris
1129 1453 1204 1502 esse
1226 1427 1364 1500 oensnit

290 1573 415 1622 eorum
437 1575 532 1650 qum
554 1550 592 1623 in
615 1574 738 1623 rerum
762 1563 890 1622 natura
921 1562 959 1620 et
984 1551 1023 1622 in
1044 1548 1234 1622 hominum
1257 1547 1363 1620 notio-

290 1668 397 1744 nibus
427 1687 463 1745 et
494 1669 613 1746 officiis
648 1669 796 1746 obscuro
829 1670 1043 1745 etvoonfnsn
1068 1667 1260 1746 videantur
1287 1675 1363 1738 ²⁷¹.

289 1791 342 1864 Ita
366 1791 514 1868 demum
544 1792 688 1868 effectae
717 1805 803 1865 sunt
826 1791 926 1866 ideae
943 1793 1119 1890 perfectae
1140 1817 1265 1868 rerum
1287 1815 1364 1888 spe-

289 1914 360 1988 eies
391 1927 428 1987 et
453 1913 638 2012 exempla,
673 1911 803 2013 quibus
837 1911 1019 1988 intuendis
1049 1927 1086 1988 et
1116 1911 1296 1986 imitandis
1321 1909 1363 1983 ad

288 2059 410 2110 veroni
444 2037 650 2136 sapientiam
672 2050 709 2109 et
733 2033 953 2110 honestatem
975 2033 1192 2110 contendere
1212 2032 1363 2133 philoso-

231 2223 235 2233 .
288 2155 403 2254 phuni
429 2171 597 2257 oportent.

327 2373 399 2442 (¹7¹)
433 2373 488 2426 vid.
506 2390 556 2426 vnn
574 2373 675 2428 fleutde
692 2373 769 2426 initis
785 2374 849 2426 Phtt.
867 2375 931 2428 Pht.
948 2376 989 2432 li,
1008 2375 1030 2426 3.
1051 2391 1075 2444 p.
1094 2372 1126 2437 dit
1143 2391 1182 2444 tq.
