2924 4820
301 335 365 400 198
703 355 741 397 ns
764 356 955 399 xsrornsrus

296 518 348 580 est
372 504 642 604 philosophandi
661 506 782 581 viam:
806 506 854 576 in*
866 498 976 578 altera
994 503 1198 578 dominatur
1219 503 1356 578 Italicae·

294 611 535 710 philosophiae
556 611 717 685 studium
741 611 780 682 in
806 612 937 685 mentis
959 612 1167 710 cogitatione
1189 613 1349 710 positum3

295 721 334 790 in
352 718 460 792 altera
474 720 634 792 cernitur
651 719 855 791 lonicorum
874 717 1165 817 philosophorum
1177 718 1351 816 ingenium

295 825 339 897 ad
352 849 522 898 sensuum
533 824 712 921 judicium
729 826 848 896 omnia
867 825 1103 898 referentium
1119 822 1154 895 ³⁰.
1179 825 1269 896 Hinc
1286 824 1352 897 duo

294 930 553 1029 quodammodo
576 931 752 1030 proposita
775 943 859 1004 sunt
880 955 1010 1030 genera
1033 930 1289 1030 philosophiae,
1304 931 1354 1002 ³12

294 1047 413 1109 tetum
437 1036 579 1129 divina,
604 1035 759 1110 alterum
781 1048 922 1109 terrena
946 1049 983 1110 et
1006 1037 1163 1110 humana
1188 1034 1352 1133 complec-

279 1152 372 1214 ¹tens
397 1167 405 1213 :
431 1153 631 1240 utrumque
659 1140 864 1239 diligentius
887 1141 1128 1216 distinxerunt
1154 1140 1297 1216 Eleatici
1321 1152 1354 1213 et

296 1249 415 1324 divina
434 1249 480 1321 ab
501 1251 667 1322 humanis
691 1248 797 1348 plane
820 1263 1052 1346 separarunt3
1068 1249 1151 1343 illa,
1177 1251 1216 1322 in
1238 1249 1354 1323 mentis

295 1357 506 1454 cogitatione
519 1357 643 1454 posita,
660 1356 816 1429 studiose
828 1356 1004 1460 admirati,
1017 1357 1104 1430 haec
1120 1381 1214 1454 quae
1224 1356 1262 1427 in
1277 1379 1353 1426 ocu·

293 1461 412 1536 lorum
437 1475 630 1560 conspectu
649 1476 735 1536 sunt
751 1461 930 1556 collocata,
958 1489 1072 1561 paene
1089 1472 1351 1537 contemserunt.

342 1637 372 1706 E
406 1635 634 1735 Xenophanis
660 1633 932 1735 philosophandi
957 1639 1093 1710 ratione
1120 1635 1223 1710 facile
1255 1631 1352 1707 intel-

292 1741 435 1842 ligitur,
461 1743 559 1842 quod
584 1743 643 1817 hic
666 1745 705 1814 in
729 1743 852 1841 primis
868 1743 971 1814 fuisse
987 1743 1140 1816 traditur
1160 1743 1224 1841 qui
1246 1741 1288 1814 de
1306 1765 1354 1813 ve·

292 1849 405 1920 ritatis
422 1847 626 1947 cognitione
645 1851 761 1946 coepit
778 1847 955 1921 dubitare.
976 1847 1101 1942 Quum
1125 1851 1224 1921 enim
1247 1845 1354 1920 relicta

292 1951 431 2051 vulgari
457 1954 625 2052 opinione
654 1979 783 2026 novam
809 1955 903 2027 viam
929 1967 1019 2027 esset
1046 1957 1244 2054 ingressus,
1277 1949 1355 2050 quid

292 2059 427 2130 mirum
451 2060 480 2131 si
503 2067 584 2132 avia
618 2057 679 2130 illa
705 2063 889 2134 Musarum
916 2067 987 2132 loco
1008 2085 1215 2158 peragrans,
1236 2063 1355 2130 nullius

295 2179 375 2238 onte
398 2174 485 2238 trita
511 2173 599 2252 solo,
615 2164 798 2239 vacillaret
827 2166 1012 2239 interdum
1040 2179 1076 2238 et
1100 2192 1224 2239 rerum
1245 2165 1355 2236 ohscu-

293 2273 378 2344 ritas
413 2273 524 2345 aciem
550 2273 629 2366 ejus
663 2271 957 2372 praestringeret,
1001 2297 1074 2370 quo
1102 2275 1205 2370 quasi
1228 2269 1356 2342 haluci-

291 2403 381 2450 nans
409 2377 624 2452 exclamaret
652 2379 788 2451 incerta
814 2405 889 2452 esse
913 2380 1056 2472 omnia,
1084 2377 1178 2450 nihil
1191 2402 1286 2478 posse
1308 2401 1355 2448 co-

292 2487 421 2587 gnosci.
462 2487 675 2560 Praesertim
706 2488 745 2557 in
782 2485 1055 2586 contemplanda
1088 2499 1219 2560 natura
1253 2507 1357 2584 quum

293 2593 533 2668 consideraret
556 2591 797 2692 multiplicem
822 2618 945 2668 rerum
969 2594 1132 2666 omniurn
1162 2595 1357 2668 varietatem

292 2711 329 2770 et
370 2701 667 2789 inconstantiam,
703 2699 915 2772 existimavit
950 2699 989 2770 in
1020 2697 1074 2770 his
1109 2697 1203 2769 nihil
1230 2709 1358 2771 certum

293 2830 390 2898 csse,
420 2807 539 2878 omnia
567 2806 605 2877 in
637 2805 804 2904 opinione
831 2805 972 2881 versari.
996 2805 1053 2878 Sic
1077 2817 1160 2877 nata
1181 2817 1234 2878 cst
1255 2801 1359 2902 cogni-

292 2911 397 2982 tionis
429 2910 626 3001 dubitatio,
656 2937 749 3011 quac
776 2924 819 2986 ut
844 2909 998 2984 melioris
1026 2909 1270 3010 philosophiae
1293 2909 1356 2980 fuit

292 3007 462 3109 initiuni,
493 3019 542 3091 sic
568 3021 676 3090 etiam
709 3019 850 3116 peperit
876 3017 1066 3115 captiosam
1089 3015 1190 3090 illam
1222 3014 1357 3113 Sophis-

292 3135 412 3200 tarum
446 3125 647 3217 rationem,
678 3127 743 3224 qui
776 3123 876 3196 inani
909 3123 1103 3200 disserendi
1134 3125 1290 3224 aucupio
1310 3146 1357 3193 re-

295 3253 378 3304 rum
403 3231 639 3330 cognitionem
665 3229 912 3304 obscurarunt.
948 3267 950 3274 v

333 3463 398 3546 (30)
420 3465 523 3528 Gousin
542 3465 562 3530 l.
584 3465 605 3526 l.
628 3487 655 3548 p.
677 3463 719 3544 84
737 3485 796 3544 sqq·
