2870 4824
298 379 344 444 22
743 403 934 445 xusorrranrs

296 579 407 652 quam
433 579 453 625 a
478 551 675 652 plerisque,
694 553 828 653 quibus
857 525 894 628 id
918 578 1049 652 parum
1077 551 1269 651 probabile
1295 553 1389 626 vide-

298 671 431 751 retur,
466 673 613 759 propter
642 661 795 733 auctoris
832 659 1014 734 levitatem
1047 659 1288 757 repudiatum
1320 671 1387 751 est,

295 769 405 839 satius
426 778 547 840 tamen
567 767 660 860 erit,
681 767 780 868 prius
796 792 907 866 quam
920 766 1121 861 judicetur,
1142 791 1225 838 rem
1246 791 1389 863 cognos-

295 899 403 966 cere,
432 887 475 946 ut
512 900 750 972 quaeramus,
777 873 901 973 quales
923 873 1148 972 tragoediae,
1171 873 1203 945 si
1229 900 1250 944 a
1274 874 1389 945 Xeno-

295 979 418 1076 phane
435 981 553 1055 editae
566 981 719 1072 fuerint,
746 979 901 1054 debeant
924 977 1088 1078 intelligi.
1103 979 1140 1049 Si
1151 978 1222 1051 lroc
1243 982 1389 1053 nomine

294 1085 448 1187 intelligi
469 1089 575 1161 modo
593 1100 708 1187 posset
731 1099 854 1182 ὴσεμνὴ
881 1090 1032 1186 rpaypdr'a
1058 1088 1132 1159 sive
1146 1087 1390 1159 dramaticum

294 1191 390 1266 illud
407 1201 550 1293 poeseos
563 1221 696 1295 genus,
712 1194 810 1293 quod
826 1223 847 1267 a
863 1195 1037 1293 'l'hespide
1054 1193 1271 1266 inchoatum
1290 1193 1387 1266 dein-

294 1325 378 1397 ceps
402 1303 441 1372 in
467 1303 586 1375 Attica
613 1329 719 1375 scena
740 1301 929 1375 excultum
956 1315 993 1374 et
1014 1325 1245 1373 summorum
1271 1307 1388 1398 poeta·

295 1429 380 1478 rum
393 1407 546 1506 ingeniis
556 1408 787 1482 nobilitatum
803 1421 872 1502 est,
886 1433 993 1480 nemo
1006 1407 1165 1506 profecto
1185 1406 1386 1499 dubitaret,

294 1512 554 1612 Xenophanem
586 1517 683 1590 inter
716 1518 864 1615 tragicos
893 1522 1014 1614 poetas
1044 1539 1118 1585 non
1148 1539 1227 1587 esse
1256 1513 1387 1587 haben·

292 1619 394 1692 dum.
413 1621 484 1694 Sed
506 1621 606 1696 aliud
624 1647 771 1722 quoque
788 1622 944 1696 habetur
965 1620 1234 1720 tragoediarum
1252 1647 1384 1720 genus,

293 1727 442 1824 quodsi
471 1729 610 1801 minore
632 1729 703 1802 fuit
730 1727 964 1820 celebritate,
988 1727 1088 1799 haud
1115 1728 1241 1798 minus
1269 1739 1385 1799 tamen

291 1833 567 1932 frequentatum
586 1836 771 1933 quondam
790 1835 889 1933 apud
910 1848 1048 1910 veteres
1073 1833 1144 1905 fuit
1167 1845 1207 1906 et
1229 1832 1296 1906 diu
1316 1837 1386 1928 jam

295 1951 401 2011 antea
428 1941 650 2013 institutum.
678 1941 737 2014 Ab
759 1942 1014 2039 antiquissimis
1039 1940 1138 2012 enim
1164 1940 1385 2036 temporibus

291 2043 455 2116 solebant
484 2047 579 2119 festis
606 2047 736 2122 diebus
765 2048 910 2120 choreas
934 2071 1039 2144 agere
1068 2048 1108 2118 in
1130 2045 1297 2118 Deorum
1326 2045 1383 2118 he-

291 2174 471 2248 roumque
499 2151 647 2226 laudem
675 2154 832 2225 carmina
864 2165 1081 2226 cantantes:
1108 2151 1199 2226 haec
1230 2153 1383 2225 carmina

291 2253 336 2328 ad
355 2255 588 2354 pelliciendos
612 2271 649 2332 et
663 2258 891 2332 delectandos
907 2259 1070 2332 homines
1084 2259 1282 2356 composita
1311 2257 1382 2355 plc-

278 2365 466 2462 rumque,
484 2363 659 2437 incolumi
680 2367 867 2464 gravitate,
881 2367 961 2460 joco
977 2364 1122 2438 condita
1142 2375 1268 2451 erant,
1284 2363 1381 2435 modo

290 2469 487 2562 severiora,
516 2471 622 2545 modo
648 2471 855 2563 lasciviora,
886 2477 989 2572 quasi
1012 2472 1184 2570 satyricae
1218 2471 1380 2566 fabulae,

290 2599 311 2648 e
339 2575 473 2673 quibus
504 2591 624 2676 postea
649 2579 724 2678 ipsa
753 2579 932 2678 tragoedia
969 2577 1147 2668 ellloruit,
1177 2603 1274 2676 quae
1302 2576 1380 2649 inde

290 2681 356 2753 diu
372 2682 491 2758 adhuc
515 2689 646 2759 veteris
669 2686 822 2760 retinuit
845 2687 989 2784 vestigia
1013 2685 1125 2776 ruris,
1148 2697 1192 2756 ut
1214 2685 1379 2757 Aristote-

289 2786 340 2860 les
353 2790 440 2862 dicit
454 2819 462 2863 ε
477 2790 510 2888 (ἡ
522 2795 686 2891 rpayqutc)
694 2796 743 2866 dui
753 2801 785 2864 τὸ
797 2803 830 2867 ἐκ
840 2807 989 2892 europus&
1001 2795 1185 2886 μεταβαλεῖν
1198 2798 1249 2888 ὀψὲ
1258 2803 1380 2884 ἀπεσεμ-

292 2903 376 2980 νώὲη
392 2897 616 2994 ⁴⁶.Ejusmodi
628 2902 863 2998 chorirpayuol
874 2909 950 3000 χοροὶ
961 2899 1196 3000 appellantur
1213 2901 1258 2973 ab
1274 2902 1377 2974 Hero

288 3001 384 3097 doto,
395 3030 485 3104 quos
495 3009 593 3107 apud
606 3009 785 3108 Sicyonios
797 3011 836 3080 in
850 3009 990 3082 Adrasti
1000 3007 1173 3079 honorem
1188 3005 1377 3080 celebratos

292 3281 360 3330 sect.
382 3269 428 3331 18.
453 3269 581 3345 dubitat,
607 3293 643 3332 an
669 3276 764 3356 potius
791 3277 970 3356 Elegiorum
994 3278 1119 3354 scriptor
1142 3275 1177 3336 ab
1201 3275 1251 3336 illo
1277 3273 1375 3333 editum

290 3359 394 3435 luerit,
416 3359 501 3439 idque
526 3363 690 3444 comprobat
714 3365 901 3439 Fenerlinus3
931 3367 955 3425 si
981 3385 1026 3424 res
1048 3365 1244 3426 emendatione
1269 3374 1374 3444 egeret,

291 3447 470 3509 verisimilior
498 3449 572 3509 forat
603 3451 695 3511 Rossii
715 3453 891 3534 conjectura,
921 3475 973 3535 pro
1003 3452 1211 3536 „memte
1237 3451 1375 3535 legendum

290 3559 349 3598 esse
370 3535 578 3620 rappdoaeoels,
599 3541 666 3619 quia
684 3541 869 3624 Xenophauis
889 3541 1018 3625 rappdal
1040 3565 1149 3624 quoque
1173 3553 1374 3614 memorantur,

290 3628 326 3688 de
346 3651 401 3709 quo
423 3651 490 3691 mox
511 3652 518 3686 :
543 3633 596 3691 etsi
616 3651 719 3691 nomen
738 3631 805 3693 inde
824 3631 983 3695 derivatum
1004 3632 1197 3714 xapqdmrls
1216 3643 1374 3714 usurpatum

291 3717 377 3778 luisse
406 3742 465 3782 non
494 3719 616 3783 videtur.
645 3723 792 3784 Caeterum
827 3723 865 3783 cf.
896 3726 1005 3787 Fabric.
1036 3725 1110 3786 Bibl.
1143 3726 1244 3787 Graec,
1272 3723 1305 3782 T.
1329 3719 1371 3790 11,

293 3825 322 3884 p.
342 3807 402 3866 326
420 3808 536 3870 e1618.
582 3859 591 3880 ,

328 3893 395 3972 (46)
415 3899 530 3960 Aristot.
551 3899 586 3960 de
605 3904 673 3961 Arte
695 3903 803 3983 poetica
822 3922 848 3961 c.
860 3901 919 3978 lV,
939 3915 967 3962 et
987 3903 1028 3964 ihi
1048 3905 1139 3986 intpp.
1160 3905 1249 3964 Docte
1262 3913 1290 3962 et
1310 3919 1371 3958 con-

290 3984 373 4044 cinne
393 3983 429 4046 de
449 3985 501 4047 lrac
520 4009 550 4048 re
569 3989 680 4051 disserit
698 3989 865 4066 Groddeck,
882 3993 965 4052 Initia
985 3993 1051 4053 laist.
1071 3993 1170 4054 Graec.
1192 3993 1246 4053 litt.
1265 3999 1335 4074 part.
1349 3985 1369 4059 l,

288 4096 316 4156 p.
346 4073 413 4154 145.
434 4077 473 4136 cl.
502 4078 670 4159 spanheim,
699 4081 738 4141 les
759 4083 856 4142 Ge'sars
883 4081 919 4143 de
948 4082 1123 4166 l’Empereur
1145 4084 1255 4163 dolien,
1286 4075 1368 4162 prael·
