2924 4820
224 639 225 643 Ἰ
304 552 457 622 omnium
479 550 777 620 existimationem
798 549 864 617 tibi
889 545 1113 626 conciliures,
1140 556 1213 616 tum
1240 547 1378 628 doctri-

302 697 370 743 nae
396 673 518 744 studia
550 676 591 741 in
615 672 690 742 dies
712 672 766 740 ibi
788 671 917 742 laetius
936 667 1174 766 pullularent.
1217 667 1380 762 Quorum

276 768 279 779 Ι
304 797 504 867 studiorum
511 798 663 892 fructus
681 797 878 888 quumjam
894 792 1033 880 ostendi
1047 792 1244 879 videretur,
1253 781 1382 864 ¹inter·

269 899 271 904 ’
304 923 401 1014 cepit
420 943 498 989 eum
512 917 651 1015 fatalis
672 920 746 988 ista
768 915 970 998 calamitas,
993 939 1081 1010 quae
1107 915 1377 1010 rempublicam,

289 1067 408 1138 ¹quam
431 1043 549 1137 legum
580 1043 756 1135 aequitate
786 1048 822 1108 et
835 1041 1026 1132 principis
1050 1039 1291 1109 moderatione
1313 1039 1379 1108 diu

304 1165 511 1235 incolumem
543 1165 632 1259 fore
670 1185 751 1255 spes
767 1171 881 1243 erat,
917 1163 1082 1232 turbavit
1115 1171 1151 1232 et
1188 1161 1377 1232 laceravit.

303 1287 443 1358 Acerba
456 1289 623 1382 proflmto
643 1286 902 1382 benefactorum
924 1287 1187 1366 remuneratio,
1212 1284 1274 1352 sed
1289 1285 1381 1352 sub-

256 1421 257 1424 ’
285 1411 401 1481 levat
422 1411 592 1504 cogitatio
605 1411 697 1504 fore
719 1417 778 1487 ut,
805 1407 1124 1502 quemadmodume
1146 1408 1245 1476 lonis
1256 1408 1381 1475 initiis

306 1559 410 1628 saepe
444 1533 542 1602 mola
577 1534 758 1612 oriuntur,
792 1535 848 1602 ita
884 1532 948 1600 ltoc
980 1531 1114 1599 malum
1148 1529 1198 1596 ad
1226 1528 1383 1597 salutem

221 1637 224 1652 ⁸
305 1664 491 1726 convertat
523 1652 610 1734 Ille,
644 1653 677 1730 ic
712 1648 780 1745 isin
808 1655 838 1722 τ’
863 1649 955 1726 ἰθύνει
986 1649 1115 1724 uuoltin
1145 1649 1201 1722 uo>
1234 1646 1384 1746 ἀγήνορα

303 1773 446 1873 κάρφει]
511 1762 514 1772 ’
1378 1864 1380 1868 ¹

354 1899 492 1978 Sed,·ut
515 1897 566 1967 od
584 1923 662 1968 rem
684 1901 836 1976 veniam,
850 1900 1053 1972 meministi,
1069 1901 1133 1969 vir
1144 1901 1382 1993 amplissime,

303 2049 342 2094 eo
372 2027 451 2117 ipse
481 2045 574 2091 anno
595 2046 661 2117 quo
690 2021 777 2090 leaeo
799 2029 881 2090 acta
902 2023 1004 2100 s'unt,
1030 2045 1084 2089 me
1105 2019 1300 2114 Brucellis
1320 2023 1384 2090 de-

300 2155 442 2242 gentem
464 2142 763 2234 Philosophorum
784 2139 1003 2212 Grnecorum
1022 2155 1186 2212 veterum
1211 2143 1384 2237 reliquias

304 2260 416 2338 edere
437 2269 610 2362 coepisse:
623 2266 813 2334 emiseram
835 2265 1089 2358 Xenophanem
1107 2265 1383 2360 Colophonium,

305 2389 438 2460 editam
460 2385 650 2468 Bruxellis,
676 2375 848 2457 sumtibus
871 2387 902 2456 J.
927 2388 1055 2467 Frank,
1079 2377 1196 2475 1830,
1217 2392 1277 2459 cui
1296 2415 1383 2460 mose

253 2585 255 2592 ,
305 2512 507 2607 adjungere
528 2511 797 2580 destinaveram
814 2509 1072 2592 Parmenidem,
1086 2537 1187 2606 quem
1210 2523 1283 2583 tum
1295 2518 1387 2606 jam

306 2635 512 2704 molentum
541 2643 577 2704 et
601 2657 720 2728 paene
742 2633 939 2704 absolutum
969 2635 1010 2700 in
1031 2636 1184 2704 scriniis
1213 2637 1387 2705 habebam

307 2755 497 2826 reclusum.
549 2751 625 2824 Sed
635 2765 828 2851 postquam
854 2755 988 2824 malum
1008 2757 1110 2826 istud
1131 2761 1270 2852 erupit,
1297 2783 1386 2853 ego,

306 2877 470 2948 abdicato
499 2901 669 2959 munere,
697 2881 739 2951 iu
772 2887 928 2949 veterem
951 2882 1121 2973 patriam
1159 2905 1214 2949 me
1246 2886 1386 2973 recepi.

306 2999 368 3072 Ili
396 3011 469 3072 tum
491 3001 578 3070 belli
596 3025 687 3071 cura
706 3011 742 3072 et
759 3011 963 3096 apparatus
989 3006 1108 3074 omnio
1130 3015 1384 3104 occupaverat,

307 3121 500 3195 Musarum
533 3134 652 3195 autem
683 3124 805 3195 studia
841 3128 940 3196 inter
973 3149 1160 3198 armorum
1188 3131 1385 3220 strepitum

307 3249 540 3344 languebant·
560 3272 623 3316 nec
646 3248 740 3317 milii
760 3257 824 3318 aut
844 3248 1140 3348 adscribendum
1155 3229 1297 3320 animus
1319 3261 1386 3322 aut

306 3371 356 3440 ad
376 3373 519 3465 scripta
538 3370 742 3465 evulganda
763 3374 899 3442 occasio
928 3382 1030 3452 erat,
1057 3399 1162 3469 quum
1193 3377 1302 3445 etiam
1331 3376 1384 3444 bi-

307 3493 484 3587 bliopola,
511 3497 573 3589 qui
591 3495 757 3586 primum
783 3495 946 3564 volumen
966 3495 1137 3566 edendum
1167 3508 1383 3579 curaverat,

268 3693 273 3704 ,
306 3618 412 3686 relus
433 3619 509 3685 suis
538 3618 760 3720 ostentatus,
787 3627 987 3713 susceptum
1011 3643 1098 3713 opus
1117 3624 1287 3716 persequi
1311 3624 1384 3690 non

299 3749 434 3834 posset,
460 3739 643 3810 dimittere
670 3740 793 3811 nollet.
837 3739 902 3811 Sic
925 3767 1014 3837 opus
1035 3743 1175 3813 diutius
1191 3747 1383 3840 interrup-

296 3872 381 3932 tum
395 3863 588 3957 pependit,
621 3863 729 3933 donec
748 3864 900 3946 tandem,
926 3891 969 3935 re
993 3859 1178 3947 ordinata,
1204 3867 1301 3936 alius
1322 3869 1383 3936 bi·-

307 3985 464 4080 bliopolu
486 3989 653 4082 suscepit,
672 4009 695 4055 a
714 4013 782 4084 quo
808 3989 974 4084 deinceps
992 3989 1141 4062 nuliore
1166 3992 1280 4060 omine
1295 4015 1381 4062 con-

306 4109 483 4178 tinuatum
506 4112 562 4180 iri
585 4135 702 4205 spero.
