2840 4820
478 375 690 420 cariosorum.
1060 363 1119 428 131

54 552 134 598 com
157 551 359 626 repugnare
390 525 573 602 videretur
600 526 637 600 id
663 525 760 624 quod
793 527 1029 626 Xenophanes
1056 545 1123 606 sta-

54 635 145 724 tuit,
178 659 296 708 unum
324 658 397 706 esse
429 631 474 706 ab
502 633 600 704 omni
628 633 804 705 contrario
834 629 1056 728 disjunctum
1088 651 1125 712 et

52 738 240 831 alienum,
267 739 370 812 facile
399 751 474 810 orta
503 753 556 812 est
585 738 815 836 quorundam
845 743 990 836 opinio,
1015 769 1126 841 quam

53 846 153 918 modo
164 849 375 938 memoravi,
390 845 497 920 illurn
515 847 559 942 rqi
581 853 749 943 Πυθαγόρᾳ
774 847 957 931 ἀντιδοξάσαι
971 847 1006 921 ⁵⁸.
1023 849 1125 943 Quae

52 965 170 1025 antem
189 955 295 1051 primi
308 954 607 1052 Pythagoreorum
627 951 884 1042 confodissent,
902 979 943 1026 ea
961 955 1128 1031 distincte

52 1059 303 1154 explicuerunt
325 1061 547 1157 posteriores,
570 1061 778 1157 praesertim
796 1059 974 1132 Philolaus
989 1073 1030 1135 'et
1050 1076 1128 1160 post

53 1193 134 1238 enm
162 1168 338 1267 Archytas
358 1169 423 1266 qui
447 1167 674 1259 docuerunt,
701 1170 913 1240 universum
946 1171 1128 1244 mundum

53 1286 208 1345 constare
236 1275 417 1346 ediversis
434 1274 649 1371 generibus,
680 1273 792 1348 altero
821 1275 983 1366 infinito,
1015 1275 1128 1350 altero

54 1381 265 1472 terminato,
290 1381 418 1453 mundi
437 1393 559 1454 autem
580 1383 778 1480 principem
796 1394 833 1454 et
853 1395 1035 1454 auctorem
1055 1409 1129 1457 esse

54 1485 186 1577 Deum,
202 1489 268 1584 qui
291 1513 388 1559 unus
408 1489 583 1559 contraria
606 1487 668 1558 illa
692 1491 939 1584 conjungeret.
968 1488 1130 1562 Eandem

55 1594 225 1666 rationem
254 1595 293 1664 in
324 1592 471 1666 Philebo
494 1607 639 1666 secutus
665 1593 765 1664 Plato
793 1593 972 1691 praeclare
996 1595 1038 1667 ad
1067 1595 1130 1668 ho-

56 1701 191 1771 minum
220 1726 359 1788 mores,
385 1701 429 1774 ad
450 1701 588 1773 bonum
608 1699 819 1798 malumque
851 1699 988 1771 retulit.
1014 1701 1130 1797 Cujus

54 1807 264 1878 sententiam
278 1806 436 1879 breviter
451 1807 506 1877 his
521 1805 637 1876 Procli
662 1805 777 1878 verbis
787 1804 939 1875 referam
958 1802 982 1854 ⁵⁹
1009 1833 1017 1876 :
1038 1808 1131 1902 Λέγει

55 1927 136 1984 :orior
164 1925 179 1984 ὁ
208 1923 239 1986 ἐν
257 1917 381 2008 Φιλήβῳ
401 1921 580 2012 Σωκράτης,
612 1925 649 1990 ὡς
677 1910 739 2008 ἄρα
764 1917 831 1988 θεὸς
859 1920 983 2008 πέρατός
1007 1921 1053 1996 ἐςι
1083 1923 1135 1984 καὶ

55 2031 180 2116 &respice
225 2029 370 2104 ὐποςιίτης
398 2029 448 2091 καὶ
488 2022 536 2090 διὰ
566 2027 668 2088 τούτων
698 2016 818 2087 ἅπαντα
853 2025 890 2087 τὰ
925 2015 999 2088 ὄντα
1032 2025 1133 2114 μιγνὺς

57 2139 204 2224 rafaiyarya
225 2181 235 2215 ‚
256 2135 334 2198 κατὰ
356 2133 402 2198 τὸν
428 2130 568 2197 Φιλόλαον
593 2131 624 2194 ἐκ
648 2135 837 2222 περαινόντων
862 2131 913 2193 καὶ
936 2133 1060 2220 &uesper
1085 2143 1134 2208 τῆς

60 2251 111 2302 τῶν
134 2234 228 2306 ὄντων
258 2243 366 2332 φύσεως
394 2236 658 2327 πιμπεπλεγμένης.
690 2229 860 2302 Similiter
888 2231 928 2301 in
960 2229 1059 2302 libris
1089 2229 1135 2304 de

1 2399 2 2416 .
58 2337 217 2436 legibus,
248 2366 367 2439 quum
400 2341 508 2412 totius
534 2339 663 2411 mundi
688 2363 848 2410 caussam
884 2351 921 2410 et
958 2338 1132 2434 originem

1 2485 2 2492 .
59 2447 227 2544 indagat,
256 2459 395 2518 caetera
421 2445 570 2541 quidem
601 2444 720 2513 omnia
747 2443 833 2513 dicit
862 2441 920 2514 vel
949 2443 1133 2539 quiescere

1 2541 2 2600 l
60 2565 182 2625 natura
209 2551 269 2626 rel
306 2552 467 2641 moveri,
493 2575 606 2622 unam
632 2573 716 2623 vero
743 2571 817 2620 esse
857 2571 1016 2618 caussam
1040 2573 1134 2645 quae

2 2709 3 2726 .
58 2659 235 2732 contineat
257 2655 320 2730 illa
345 2669 382 2730 et
405 2655 584 2756 gubernet
606 2653 642 2724 ⁶⁰.
665 2655 773 2726 Hunc
795 2651 850 2724 illi
868 2653 1041 2725 dixerunt
1064 2661 1135 2726 θεὸν

61 2783 163 2870 atque
180 2783 267 2857 ναῦν,
287 2793 397 2866 quem
419 2765 599 2839 Philolaus
634 2766 682 2836 ita
713 2762 880 2836 describit
907 2761 930 2800 ⁶¹
957 2789 966 2835 ε
995 2770 1052 2836 ἐντὶ
1078 2776 1136 2861 γάρ

60 2905 137 2974 prata
162 2889 177 2950 ὁ
202 2881 321 2970 ἁγεμὼν
349 2881 399 2946 καὶ
423 2874 527 2972 ἅρχων
558 2883 693 2944 ἁπάντων
721 2877 814 2962 θεὸς,
842 2872 882 2949 εἷς
914 2876 960 2942 ἀεὶ
989 2869 1052 2958 ὢν,
1078 2881 1137 2963 μὸ-
1172 2969 1175 2978 ¹

64 3015 156 3076 νιμις,
181 2992 340 3071 barbarae,
358 2985 440 3060 αὐτὸς
464 2981 543 3076 αὐτῷ
565 2979 669 3072 ὁμοῖος,
695 2977 794 3075 ἅτερος
818 2978 875 3048 τῶν
900 2976 1013 3048 ἄλλων.
1041 2977 1136 3050 Haec

63 3118 140 3164 cnm
166 3085 397 3189 Xenophanis
423 3087 561 3186 placitis
587 3099 786 3184 comparata
813 3107 1034 3182 quamquam
1062 3109 1136 3156 ma-

100 3313 160 3390 (58)
182 3313 321 3392 Diogenes
340 3311 372 3370 1..
391 3309 452 3384 lx,
479 3307 524 3370 ro.

97 3435 164 3518 (59)
187 3435 301 3494 Procius
320 3432 389 3491 Plat.
415 3431 513 3491 Theoi.
540 3431 604 3502 111,
629 3449 656 3511 7.
683 3449 711 3511 p.
747 3429 814 3488 132.
842 3425 959 3486 Philolai
980 3423 1137 3484 doctrinam

64 3525 178 3606 explicat
189 3522 311 3586 Boeckh.
321 3524 352 3582 in
362 3523 485 3582 Philotas
496 3522 540 3596 11,
557 3541 581 3583 1.
595 3532 622 3582 et
632 3542 660 3581 a.
668 3541 696 3601 p.
712 3517 753 3598 45
763 3538 824 3596 sqq.
834 3515 973 3597 Archytas
983 3516 1083 3594 fragm.
1095 3526 1139 3574 est

64 3615 133 3696 apud
143 3611 292 3674 stobaeum
311 3612 459 3693 Eclogg.l‚
477 3609 526 3688 43.
541 3631 570 3691 p.
594 3632 652 3692 7¹⁰
671 3630 730 3688 sqq.
749 3607 792 3668 ed.
805 3608 923 3666 Heeren.
945 3605 989 3665 Cf.
1010 3603 1138 3664 classicus

66 3706 135 3766 locos
151 3704 226 3787 apud
249 3703 434 3785 Philoponurn
454 3703 484 3762 iu
507 3701 591 3782 Phys.
609 3702 652 3760 Ill
664 3746 673 3776 ‚
697 3698 726 3778 4.
751 3697 805 3757 litt.
828 3695 864 3754 ll.
889 3717 917 3777 p.
949 3715 994 3754 rr.
1015 3693 1138 3754 Platonis

69 3799 226 3856 untemiam
248 3795 378 3876 exposuit
399 3791 541 3852 Stalbaum
565 3791 694 3871 Prolegg.
717 3787 754 3847 ad
775 3785 880 3846 Phileb.
902 3806 931 3867 p.
954 3781 1033 3843 LVII
1054 3801 1113 3862 sqq.

106 3919 169 4002 460)
190 3921 273 4000 Legg.
296 3917 346 3990 Χ,
368 3939 391 3976 c.
414 3916 492 3994 6-8,
513 3939 542 4000 p.
566 3915 626 3997 893
649 3947 689 3959 —
710 3933 738 3993 p.
761 3907 833 3991 898.

105 4041 166 4124 (ὃν)
185 4041 270 4126 Apud
291 4042 398 4102 Philon.
419 4039 455 4100 de
476 4039 518 4100 M.
541 4039 618 4121 Opil.
640 4039 669 4098 in
691 4031 814 4096 Boeckh.
835 4029 936 4092 Pbilol.
962 4051 990 4112 p.
1020 4029 1085 4090 151.

939 4153 994 4202 10.
