2924 4820
274 309 340 378 1611
684 329 723 371 nr
745 327 937 384 saporatum

269 482 438 560 dentibus
455 479 590 554 nubilis
612 491 815 567 concretos,
832 491 876 552 ut
894 476 1128 566 Plutarchus,
1156 475 1346 566 sabaeus,

270 593 380 667 ceteri
404 590 554 662 tradunt
583 587 621 659 ⁴⁸.
649 587 703 660 lle
730 587 827 659 Iride
851 587 1021 660 feruntur
1047 587 1126 679 ejus
1150 582 1348 673 versiculi;

271 701 316 774 de
353 698 530 769 Dioscuris
542 749 556 784 ,
582 721 675 793 quae
698 696 737 766 in
758 707 968 790 tempestate
995 695 1033 763 in
1059 691 1209 764 navibus
1233 717 1350 789 appa-

270 815 398 894 reant,
432 803 528 874 idem
564 801 721 872 traditur
744 800 930 872 censuisse.
963 797 1133 872 Stobaeus
1154 797 1209 869 ⁴⁰:
1236 804 1296 878 rete
1317 791 1351 867 δ’

269 916 316 984 ἐπὶ
339 927 393 978 τῶν
417 913 518 980 πλοίων
542 917 701 1004 φαινομένας
725 907 781 1000 [clav
801 913 933 1003 ἀςέρας,
960 909 1006 985 ait
1023 912 1072 974 καί
1101 905 1263 1000 Διοσκῦρως
1294 935 1349 973 κα-

270 1021 353 1086 λοῦσι’
371 1042 470 1100 τινες,
505 1017 620 1109 νεφέλια
653 1008 727 1080 εἶναι
757 1021 834 1082 κατὰ
856 1023 906 1095 τήν
936 1020 1016 1083 ποιὰν
1047 1020 1156 1093 κίνησιν
1185 1015 1348 1106 παραλαμ-

270 1147 369 1192 ποντα.
409 1119 542 1189 Ultima
576 1115 683 1189 verba
718 1117 767 1188 sic
797 1116 939 1188 fortasse
971 1115 1120 1214 legenda
1153 1143 1161 1186 :
1191 1123 1268 1185 κατὰ
1295 1124 1349 1198 τὴν

222 1271 224 1276 .
268 1229 372 1298 πλοίων
397 1234 506 1305 κίνησιν
518 1229 583 1319 ampl
606 1227 773 1315 λάμποντα,
799 1223 823 1292 i.
845 1249 875 1294 e.
898 1221 1095 1294 nubeculas
1113 1247 1224 1319 quae,
1243 1222 1350 1292 motis

269 1327 436 1414 navibus,
453 1327 592 1425 fulgore
608 1327 820 1425 splendeant
832 1325 866 1398 ⁵⁰.
882 1329 984 1400 Idem
1000 1331 1125 1418 refert,
1140 1329 1184 1400 de
1200 1326 1349 1426 fulgure

269 1434 483 1532 Xenophani
507 1436 624 1507 visum
650 1460 742 1526 esse,
768 1442 904 1531 άςφαπὰς
930 1438 1085 1530 γίγνεσθαι
1109 1437 1349 1530 λαμπρυνομένων

269 1559 325 1613 τῶν
351 1559 440 1639 νεφῶν
464 1549 541 1610 κατὰ
566 1551 615 1624 τὴν
640 1552 769 1628 κίνησιν,
790 1557 793 1561 ·
811 1541 955 1638 fulgura
981 1567 1022 1612 eo
1048 1541 1124 1612 fieri
1148 1540 1245 1638 quod
1277 1567 1350 1614 nu-

267 1647 330 1720 bes
354 1659 457 1718 motu
484 1647 633 1744 agitatae
664 1659 701 1719 et
728 1649 893 1719 incensae
920 1645 1176 1744 splendescant
1198 1643 1233 1717 ⁵¹.

317 1753 447 1824 Omnia
482 1753 641 1851 denique
672 1767 830 1826 meteora
856 1775 876 1825 e
911 1755 1138 1852 Xenophanis
1171 1755 1351 1828 sententia

269 1857 319 1930 ait
345 1881 417 1929 este
441 1859 530 1953 νεφῶν
552 1869 760 1954 πεπυρωμένων
785 1860 983 1952 σνςνὶματαῆ
1014 1868 1064 1929 καί
1087 1873 1232 1952 κινήματα
1248 1858 1282 1929 ⁵².
1303 1861 1351 1932 In

268 1961 402 2062 quibus
419 1961 586 2034 omnibus
603 1977 723 2060 patet,
744 1991 829 2036 eum
850 1967 889 2036 in
912 1963 1122 2061 explicanda
1140 1989 1263 2040 rerum
1284 1992 1351 2039 na-

267 2080 351 2141 tura
377 2093 422 2141 ex
449 2065 639 2140 oculorum
661 2095 768 2142 sensu
793 2096 866 2143 esse
889 2070 1099 2168 profectum.

1148 2231 1187 2282 Ι

768 2349 842 2430 §a

316 2540 409 2640 Cum
428 2567 483 2639 his
501 2567 659 2666 quaeda
690 2591 882 2665 corporum
907 2569 1114 2645 coelestium
1139 2574 1274 2674 origine
1309 2591 1351 2650 et

267 2685 397 2747 natura
425 2673 645 2763 traduntur,
671 2671 811 2772 reliqua
836 2677 923 2749 item
958 2692 1165 2778 congruunt
1190 2680 1347 2778 placita,

266 2804 360 2879 quae
378 2779 423 2852 de
440 2777 541 2871 solis,
565 2776 696 2872 lunae,
713 2780 945 2880 siderumque
966 2786 1169 2859 conditione
1188 2800 1225 2861 et
1241 2802 1352 2864 motu

302 2997 366 3078 (48)
388 2997 528 3057 Plutarch.
554 2973 629 3078 apud
644 2997 746 3063 Euseb.
766 2999 850 3062 modo
872 3001 948 3063 laud.
972 3003 1122 3081 Stabaeus,
1145 3004 1266 3068 Achilles
1286 3007 1348 3070 Ta-

264 3089 340 3164 tius,
360 3089 461 3148 caeteri
479 3085 586 3148 laudati
604 3086 641 3148 ad
663 3087 685 3170 ᾗ
704 3111 745 3170 sq.

302 3199 368 3283 (49)
387 3199 521 3262 Stobaeus
550 3201 580 3274 l,
606 3199 653 3261 25.
685 3224 714 3284 p.
742 3202 812 3283 514.
835 3203 913 3264 Idem
944 3203 1030 3265 tradit
1058 3207 1241 3286 Plutarchus,
1266 3210 1345 3292 plac.

262 3290 332 3373 phil.
353 3289 398 3364 ll,
424 3289 469 3351 18.
492 3289 590 3350 Galen.
611 3290 695 3352 XIII.
716 3294 819 3354 Omnes
839 3306 953 3355 servant
972 3293 1061 3358 αοαὶν.
1079 3297 1203 3360 Galenus
1221 3321 1274 3382 pro
1291 3329 1349 3364 ar..

262 3382 444 3465 φαλᾷμπνντα
463 3381 547 3442 habet
568 3381 697 3457 νιφῖλνν.
711 3425 760 3446 ...
780 3385 1015 3468 πιφιλαμποῦαιν.
1074 3441 1076 3444 .

263 3589 281 3648 3
302 3495 366 3577 (50)
386 3496 429 3555 De
448 3495 593 3556 Dioscuris
611 3495 671 3557 rid.
690 3518 759 3576 quae
779 3497 874 3560 laudat
893 3499 1047 3562 Mitsaherl.
1066 3501 1103 3563 ad
1123 3504 1219 3566 Horat.
1234 3503 1291 3565 Od.
1309 3507 1347 3584 1,

283 3627 292 3648 .
312 3609 356 3650 vs.
373 3608 402 3648 a.

302 3701 365 3782 (51)
387 3701 522 3763 Stobaeus
543 3701 578 3776 l,
599 3703 648 3763 30.
669 3723 697 3783 p.
719 3702 787 3786 592.
819 3703 856 3764 ad
878 3725 907 3783 q.
926 3705 949 3765 l.
968 3707 1080 3768 Heeren
1107 3706 1202 3767 laudat
1217 3709 1342 3790 Diogen.
1456 3665 1457 3674 ¹

260 3791 353 3852 Latrt.
373 3791 437 3863 IX,
463 3813 508 3854 ιο.
528 3793 576 3872 qui
599 3805 692 3856 autem
713 3816 772 3856 non
792 3792 828 3855 ad
849 3795 1073 3880 Xenophanem,
1098 3798 1147 3860 sed
1166 3797 1203 3860 ad
1221 3800 1349 3862 Heracli

259 3891 320 3940 tum
340 3893 456 3963 spectat.

301 3991 364 4074 (ὄπ)
382 3993 461 4055 Steb.
483 3995 517 4070 1,
540 4015 590 4077 ²9·-
613 4015 642 4076 p.
658 3993 728 4058 680.
