3000 4844
243 375 284 433 24
629 389 676 436 nn
699 389 914 438 rmunrtmrs

243 556 518 631 vetorumhunc
529 555 661 631 librum
681 558 845 658 agnoscit.
895 556 968 630 Hac
984 556 1094 656 igitur
1104 571 1217 634 aetate
1232 566 1316 637 Par·

244 677 395 752 menidia
411 703 554 751 carmen
571 693 698 753 notum
716 692 753 751 et
761 675 946 752 doctorum
957 677 1121 752 manibus
1133 696 1315 757 versatum

117 849 120 854 -
243 798 353 873 fuisse
373 811 524 873 constat:
550 801 690 898 saepius
710 800 895 896 scriptores
913 797 965 871 illi
983 813 1019 874 et
1035 797 1127 872 dicta
1143 800 1220 900 ejus
1237 817 1315 876 tan-

240 935 333 1020 gunt
351 935 387 996 et
398 945 523 994 versus
537 919 722 994 interdum
732 933 904 1021 tanquam
916 935 1015 995 notos
1028 941 1313 998 commemorant.

242 1041 332 1116 Inde
353 1067 418 1142 per
434 1041 539 1142 plura
552 1039 818 1130 adhucsecula,
840 1040 930 1115 dum
943 1039 1110 1116 florerent
1119 1044 1157 1114 in
1169 1045 1315 1118 Graecia

239 1162 481 1262 philosophiae
493 1161 825 1254 studia‚,doctorum
840 1165 1009 1238 memoria
1021 1164 1145 1264 viguit.
1163 1165 1315 1238 Cicero

241 1285 459 1359 Parmenidis
490 1311 664 1359 veranum
688 1286 851 1378 meminit
872 1286 937 1377 ⁶⁶3
962 1310 1053 1358 num
1076 1287 1151 1384 ipse
1175 1311 1234 1360 eos
1257 1285 1315 1358 le-

240 1407 351 1504 gerit,
383 1403 537 1479 dubium
561 1421 623 1480 eat.
674 1403 949 1479 Plutarchus
980 1419 1102 1480 autem
1132 1407 1180 1478 ita
1212 1431 1315 1478 conr-

239 1541 412 1599 memorat
443 1525 521 1626 ejus
551 1553 716 1628 carmen,
741 1541 806 1618 ut,
831 1529 900 1600 nisi
923 1527 962 1598 in
987 1524 1152 1600 manibus
1175 1525 1315 1600 habuis·

241 1661 310 1731 set,
347 1647 410 1720 vix
442 1649 617 1745 potuisset
647 1648 693 1722 de
730 1673 776 1722 eo
814 1648 865 1722 sio
892 1649 990 1750 loqui
1014 1649 1070 1720 ⁶⁷.
1120 1647 1226 1722 Hunc
1246 1649 1313 1747 qui

238 1781 351 1841 aetate
372 1783 595 1868 sequuntur,
621 1773 785 1844 Sextus
812 1769 1083 1870 Empiricos,
1105 1769 1311 1864 Galenus,

237 1887 431 1962 Clemens
462 1887 795 1983 Alexandrinus,
831 1889 1001 1964 Coelius
1035 1889 1314 1984 Aurelianus,

236 2035 308 2084 non
343 2007 458 2082 solum
486 2027 687 2084 memorant
726 2038 890 2103 carmen,
924 2009 986 2083 sed
1018 2036 1142 2085 versus
1167 2037 1314 2113 quoque

238 2157 284 2206 ex
305 2155 348 2206 oo
365 2133 447 2204 satis
467 2130 599 2205 multos
621 2147 658 2206 et
679 2133 796 2208 varios
815 2133 1003 2225 adferunt;
1023 2134 1127 2208 Sexto
1136 2135 1315 2232 Empirioo

237 2254 444 2351 pracsertim
473 2251 645 2352 debernus
671 2252 790 2328 nobile
815 2257 1059 2353 prooemium,
1089 2281 1162 2354 quo
1187 2259 1313 2352 podma

238 2399 384 2448 exorsus
409 2389 471 2449 est.
512 2373 557 2446 lli
576 2375 709 2449 verosi
727 2371 944 2450 non-omnes
972 2377 1153 2476 integrum
1176 2375 1340 2450 Parme'

236 2493 329 2568 nidis
359 2503 503 2570 ca'rrnen
530 2495 722 2570 habuerint
746 2499 811 2590 ⁶⁸,
847 2511 995 2596 apparet
1018 2511 1136 2570 tamen
1159 2489 1252 2570 illud
1270 2523 1313 2572 co

235 2631 395 2717 tempore
420 2619 538 2692 adhuc
564 2620 736 2694 exstitisse
759 2635 797 2693 et
816 2619 1040 2693 eruditorum
1064 2619 1234 2692 memoria
1254 2621 1315 2692 vi-

235 2739 363 2836 guisse.
403 2739 539 2812 Deinde
561 2754 683 2813 autem
705 2741 815 2839 magis
835 2738 1020 2839 magisque
1042 2765 1216 2814 rarescere
1238 2767 1315 2815 coe-

232 2861 302 2958 pit;
330 2858 501 2934 Platonici
536 2875 572 2936 et
607 2859 820 2934 Aristotelioi
848 2859 1011 2962 plerique
1035 2862 1074 2932 in
1098 2859 1312 2959 exploranda

231 2979 327 3053 illius
350 2978 508 3056 doctrina
534 3009 608 3056 non
621 2981 757 3054 fontem
773 2979 835 3054 sed
851 2977 987 3054 rivulos
1003 2985 1214 3073 consectati,
1237 2982 1314 3080 ple·

231 3127 345 3202 raque
381 3127 403 3174 e
438 3101 605 3198 Platone,
640 3101 845 3192 Aristotele,
884 3099 1128 3198 Theophrasto
1163 3100 1313 3178 haurie-

176 3253 178 3258 ·
229 3222 318 3297 bant
340 3227 396 3298 ⁶⁹.
449 3224 577 3325 Neque
601 3238 721 3297 tamen
747 3245 892 3320 prorsus
916 3221 1085 3294 evanuit:
1113 3223 1310 3318 Proclus,

228 3437 336 3496 stuata,
359 3437 416 3485 ccl
434 3435 467 3486 cl
484 3452 578 3491 τινες
594 3433 693 3485 ἄλλοι
713 3429 832 3498 ἕτεροι
851 3423 880 3496 (Ι.
900 3425 1311 3488 ἴδιοι).[οειιιΑτὶεῑοὶεΙὶεοεῑ

228 3522 255 3576 in
266 3523 343 3592 Phys.
354 3527 382 3588 1,
397 3523 421 3577 3.
433 3541 459 3592 p.
475 3522 523 3575 255
535 3525 564 3576 E.

259 3622 317 3690 (66)
333 3623 423 3675 Cicero
441 3619 519 3672 Acad.
537 3622 584 3680 Qu.
603 3621 657 3684 Π,
676 3621 715 3675 al.

263 3721 321 3790 (67)
336 3721 489 3774 Plutarchus
509 3719 662 3791 praesertim
682 3719 739 3774 adv.
762 3721 844 3774 Colot.
866 3738 891 3790 p.
915 3721 983 3782 rud.
1006 3725 1009 3730 ’
1116 3731 1117 3738 ’

261 3817 319 3888 (68)
337 3821 452 3872 Coelium
476 3819 643 3886 Aurelianum
660 3817 744 3887 ipsunt
761 3819 920 3872 Parmenidis
945 3834 1049 3870 carmen
1071 3836 1123 3871 non
1146 3817 1265 3869 habuisse
1284 3818 1308 3868 in

174 3929 178 3944 =
232 3908 366 3971 manibus,
387 3909 431 3962 aed
449 3909 621 3974 fragmentum
644 3915 745 3960 tontum
768 3911 823 3976 ejus
844 3909 951 3966 vidisse,
976 3917 1047 3976 patet
1066 3925 1098 3962 ex
1120 3909 1199 3976 ipsios
1218 3907 1311 3958 verbio.

232 3998 288 4050 vid.
306 4006 394 4050 annot.
413 3997 447 4050 ad
463 4013 499 4049 va.
514 3997 570 4076 ‚150
588 4013 644 4067 sqq.

262 4096 316 4164 (69)
338 4097 378 4150 Sic
400 4075 573 4165 Pcrplririua⁹
594 4105 685 4150 auctor
704 4111 755 4150 non
771 4095 911 4152 admodum
929 4099 1050 4167 diligent,
1074 4063 1230 4152 Parmehidis
1252 4113 1309 4151 ctr-
