2870 4824
504 353 685 412 astrosus.
1088 333 1135 399 47

82 519 164 593 ineo
185 513 413 614 discrepant,
439 511 537 612 quod
562 510 674 605 alter,
696 521 880 585 auctorem
909 513 989 608 ejus
1013 507 1136 611 placiti

81 621 294 722 aPorphyrio
310 622 586 707 Anaximenen,
600 617 691 692 alter
709 623 949 713 Xenophanem
969 619 1136 692 nomina·
1231 689 1233 696 ,

81 743 141 803 tum
151 729 243 802 dicit.
263 725 470 826 Simplicius
483 725 529 800 ad
543 723 773 800 Aristotelem
787 724 890 824 Phys.
903 727 938 820 Ι,
951 751 987 824 p.
1007 723 1080 798 258
1093 725 1135 796 E.

81 837 127 910 obi
146 837 200 909 hic
222 846 441 910 memorata
462 832 648 907 nonnullis
669 839 701 906 τὸ
720 838 805 932 ὑγρὸν
830 839 881 904 καὶ
907 837 990 932 ξηρὸν
1013 832 1140 906 haberi

80 945 254 1045 principia,
273 943 348 1017 hoc
370 941 571 1042 placitum,
596 941 736 1040 inquit,
765 937 824 1012 alii
849 939 927 1014 aliis
946 939 1136 1033 tribuunt,

80 1062 143 1145 ὁμέν
158 1081 195 1123 τοι
212 1057 370 1152 Πορφύρως
387 1059 552 1148 οἰκειότερον
567 1057 608 1129 εἰς
619 1044 709 1120 ’Asa
720 1051 737 1134 ξ
746 1079 755 1117 ι
765 1078 789 1142 μ
799 1056 888 1131 ἐνην
910 1057 961 1133 τήν
972 1049 1061 1133 δόξαν
1073 1057 1138 1120 ἀνέ-

79 1165 151 1252 ctppe
164 1165 271 1241 ταύτην
296 1166 412 1229 εἰπόντα
426 1182 434 1196 ·

154 1356 189 1435 fi
214 1343 267 1408 καὶ
290 1338 370 1434 ὕδωρ
397 1328 489 1409 πάνθ’
505 1333 578 1406 ἕσσα
600 1343 724 1430 γίνονται
747 1336 797 1415 ἠδὲ
816 1341 940 1432 φύονται.

80 1525 205 1598 loannes
218 1522 444 1623 Philoponus
456 1521 502 1596 ad
518 1521 677 1596 eundem
690 1517 813 1594 locum
824 1519 878 1593 lit.
891 1521 940 1616 D,
954 1517 1015 1595 fol.
1039 1548 1053 1594 r
1078 1525 1137 1597 A:

80 1637 249 1731 ὀΠνρφὺριός
278 1659 375 1734 φησι,
404 1637 452 1702 τὸν
480 1631 727 1730 Ξενοφάνην
754 1635 785 1700 τὸ
809 1634 894 1730 ξηρὸν
923 1635 1028 1701 καὶτὸ
1056 1638 1141 1731 ὑγρὸν

80 1741 172 1825 &iou
201 1747 317 1838 ἀρχὰς,
345 1749 397 1824 τήν
425 1756 479 1835 γῆν
511 1742 588 1832 λέγω
621 1741 672 1808 καὶ
700 1741 732 1808 τὸ
750 1737 851 1835 ὕδωρ,
873 1743 924 1809 καὶ
948 1737 1033 1837 ῥῆσιν
1058 1745 1141 1813 αὑτῶ

79 1852 254 1944 tripartitam
279 1858 357 1918 τῶτο
377 1847 528 1927 miseco·

152 2055 188 2134 γῆ
212 2042 266 2108 καὶ
283 2037 362 2132 ὕδωρ
384 2029 466 2110 πάντ’
486 2029 545 2107 cs
562 2034 618 2110 toa
643 2039 758 2134 pintus
783 2035 835 2116 ott
848 2044 998 2136 ⁸‚yt'rouco

79 2217 193 2294 Horum
209 2220 333 2296 utrius
353 2243 483 2296 verum
495 2218 541 2290 sit
554 2217 802 2296 testimonium
818 2217 979 2296 dubitari
995 2222 1141 2321 neqnit3

79 2326 99 2396 si
129 2327 277 2426 quidem
306 2325 544 2402 anaximenis
576 2325 622 2402 ad
651 2331 772 2402 airam
804 2327 924 2400 omnia
954 2329 1143 2406 referentis

79 2427 191 2506 diversa
218 2431 330 2533 plane
353 2433 425 2510 fuit
446 2435 628 2506 sententia
641 2485 652 2526 ‚
666 2445 711 2506 ut
723 2436 800 2528 jam
824 2433 974 2508 Brendis
997 2433 1096 2510 adh.
1116 2433 1142 2510 l.

80 2541 224 2633 monuit,
248 2539 453 2614 Comment.
467 2539 582 2614 Eleat.
598 2567 634 2638 p.
653 2537 715 2633 45.
729 2537 975 2634 Quamobrem
993 2541 1034 2614 in
1050 2541 1141 2614 Sim-

79 2643 163 2740 plicio
185 2671 308 2722 errore
323 2647 480 2746 quodam
493 2647 639 2721 nomina
655 2657 859 2746 permutata
882 2673 975 2740 csse,
1001 2660 1039 2724 et
1057 2648 1142 2722 Por·

80 2749 175 2850 phyrii
185 2753 435 2827 testimonium
456 2753 503 2827 ad
522 2751 782 2851 Xenophanem
797 2753 980 2852 pertinere
997 2779 1072 2828 non
1090 2765 1144 2830 est

81 2853 224 2931 dubium.
256 2857 475 2958 Porphyrius
501 2883 587 2933 vcro
611 2883 697 2932 cum
722 2860 762 2931 in
787 2857 936 2932 citandis
963 2860 1143 2960 scriptori-

80 2959 130 3034 bus
148 2990 279 3064 parum
303 2963 456 3064 diligens
477 2967 547 3058 ait,
569 2967 677 3064 possit
700 2967 890 3040 auctoritas
915 2968 995 3062 ejus
1021 2993 1088 3065 per
1105 2993 1143 3043 se

81 3065 157 3145 haud
182 3071 266 3144 satis
289 3071 391 3144 firma
413 3070 554 3158 haberi,
584 3066 794 3170 pracsertim
819 3095 938 3170 quum
963 3085 1143 3172 postrema

81 3199 204 3278 quoque
227 3177 396 3254 versiculi
420 3177 553 3272 verba,
577 3184 691 3280 φύονται
713 3181 764 3260 ἠδὲ
781 3189 928 3276 yttamar,
951 3180 1145 3279 depravata

82 3305 135 3356 use
149 3285 384 3384 perspicuum
400 3283 455 3358 sit.
472 3285 659 3360 Incertum
681 3283 770 3360 adeo
792 3299 956 3360 nostrum
973 3287 1066 3362 foret
1083 3289 1143 3384 ju·
1161 3287 1164 3292 ’

81 3385 220 3488 dicium,
246 3393 314 3468 nisi
339 3391 399 3466 hic
423 3417 548 3470 versus
574 3419 661 3468 cum
684 3393 878 3494 superiore·
896 3419 1040 3495 prorsus
1060 3421 1143 3469 con-

82 3499 225 3594 reniret,
250 3511 288 3576 et
310 3509 468 3602 uterque
491 3501 587 3574 inter
610 3524 648 3588 se
672 3511 921 3599 comparatus,
943 3499 1035 3574 alter
1057 3499 1144 3574 alte-

83 3599 140 3677 tlm
154 3606 260 3682 fidem
289 3617 449 3710 augeret.
482 3605 520 3679 Si
546 3617 670 3681 autem
692 3605 922 3706 Xenophanis
939 3605 1003 3680 hos
1021 3629 1144 3684 versus

83 3732 138 3786 use
161 3715 373 3816 probamus,
387 3741 461 3790 non
474 3715 555 3792 ideo
578 3713 761 3814 probanda
780 3713 883 3788 nobis
897 3711 1042 3790 videtur
1058 3713 1144 3788 Por·

84 3814 182 3917 phyrii
207 3835 245 3896 et
274 3821 499 3922 reliquorum
528 3820 801 3922 interpretatio,
826 3819 872 3894 ad
899 3826 1145 3895 elementorum

84 3919 260 4001 doctrinam
288 3928 377 4003 haec
401 3929 663 4024 referentium
705 3927 825 4028 potius
853 3923 1037 4028 evulgari
1069 3928 1144 4028 opi·

86 4029 174 4108 sione
184 4035 271 4112 haec
284 4035 379 4112 dicta
400 4036 588 4133 videntur,
604 4049 759 4114 torrem
773 4035 985 4135 tumidaque
997 4041 1144 4110 maaria
