2870 4824
1062 261 1113 302 xix
1258 306 1263 318 ‚

69 416 200 505 limato,
243 411 347 485 nullo
389 411 566 486 doctrinae
605 411 744 487 lumine
777 409 974 506 illustrato3
1010 409 1115 510 plura

68 545 154 617 ruam
175 542 296 614 omisit
316 551 511 642 quactum
529 541 723 618 adhuc'vsl
747 541 892 618 latentia
912 541 1113 642 rclincog-

63 677 123 748 nita
146 675 257 748 serior
286 673 433 746 demum
462 685 556 748 aetas
584 674 623 746 in
650 673 770 748 lucem
801 673 960 774 protulit.
989 673 1111 746 Postea

64 831 152 898 vcro,
176 803 334 879 maxime
373 817 489 878 nostra
512 817 649 899 aetate,
676 805 783 880 multi
816 818 853 879 et
887 804 1112 879 literatissimi

64 937 203 1010 homines
230 935 279 1010 ad
303 935 389 1010 haec
412 937 528 1012 studia
551 962 588 1012 sc
615 937 867 1025 contulerunt,
892 935 1112 1031 Brandisius,

63 1067 255 1162 lineclhius,
270 1067 627 1162 Schleiermachenrs,
644 1070 820 1162 Sturzius,
835 1067 1111 1157 Schanbachius,

64 1201 128 1294 alii,
149 1203 213 1300 qui
235 1201 462 1302 singulomm
486 1203 690 1302 fragmentis
712 1201 928 1301 explicandis
952 1201 1112 1276 multum

64 1330 134 1406 lucis
148 1332 354 1407 attulerunt
372 1333 622 1434 philosophiae.
646 1333 811 1427 Quorum
827 1359 889 1406 nos
907 1333 1113 1432 exemplum

63 1464 153 1534 secuti
181 1465 434 1562 proposuimus
458 1476 622 1540 retemm
651 1461 962 1562 philosophorum,
988 1487 1112 1538 eorum

65 1594 192 1665 mxime
227 1593 297 1692 qui
329 1605 411 1667 ante
445 1591 630 1667 Platonem
657 1585 886 1685 floruerunt,
918 1593 1114 1692 fragmenta

64 1748 221 1797 rmcnsere
272 1753 282 1796 ι
320 1725 360 1796 in
398 1725 454 1796 his
497 1725 674 1822 principes
717 1736 825 1797 erunt
855 1724 1112 1823 Xenophanes,

63 1852 301 1948 Parmenides,
330 1851 583 1952 Empedocles,
611 1853 858 1951 Anaxagoras,
887 1853 1113 1950 Heraclitus,

64 1983 294 2078 democritus,
320 1984 453 2084 aliique
483 1985 663 2058 doctrinae
688 1985 823 2057 ratione
848 2009 933 2058 cum
955 1986 1009 2058 his
1032 2013 1114 2060 con·

63 2117 182 2210 juncti3
207 2118 357 2190 fortassc
369 2117 605 2218 adjungemus
629 2117 736 2190 etiam
758 2115 1012 2216 Pythagoreos,
1032 2117 1113 2191 Phi-

62 2247 173 2323 lolaum
195 2253 410 2350 pracsertim
436 2263 473 2324 et
496 2251 712 2350 Archytam,
737 2249 824 2321 item
839 2249 992 2347 Orphica
1005 2276 1113 2349 quae·

62 2377 127 2450 dam
141 2391 176 2454 et
186 2379 282 2472 alia,
296 2380 417 2478 prouti
428 2379 563 2472 otium,
576 2377 757 2472 studium,
771 2377 950 2451 doctrinae
965 2377 1113 2453 facultas

62 2535 163 2586 neum
185 2511 352 2588 laborem
373 2510 626 2586 moderabitur.

98 2869 228 2943 Horum
255 2881 379 2944 autem
402 2895 617 2970 quamquam
638 2869 752 2944 multa
777 2873 850 2965 jam
873 2867 917 2941 ab
936 2866 1012 2940 aliis
1029 2879 1114 2942 sunt

61 3006 198 3092 tractata,
218 3011 343 3072 tamen
356 2998 404 3071 sic
416 3023 519 3098 agere
530 2999 681 3092 institui,
699 3010 743 3071 ut
754 2997 871 3070 omnia
886 3021 929 3070 cx
946 2996 1027 3094 ipsis
1038 2995 1115 3070 fon·

61 3125 138 3200 tibus
148 3129 338 3229 depromta
347 3155 548 3206 recenseam
559 3143 607 3224 ct,
615 3129 778 3203 adhibitis
787 3127 1115 3226 illorumoperibus,

61 3279 123 3330 nea
148 3261 290 3334 ratione
321 3260 514 3355 illustrem3
549 3273 630 3334 tum
660 3261 767 3333 etiam
793 3259 1011 3358 quaestiones
1033 3257 1116 3331 sub-

60 3386 215 3486 jungam,
249 3388 381 3488 quihus
404 3389 604 3489 gravissima
627 3413 752 3462 eorum
779 3387 1018 3486 philosophiae
1044 3385 1117 3484 pla-

61 3516 114 3588 cita
141 3521 355 3595 strutiones
380 3521 618 3595 declarentur.
644 3519 744 3620 Opus
770 3532 892 3592 autem
913 3517 962 3588 ita
987 3516 1114 3589 descri-

61 3641 153 3740 bam,
182 3663 228 3723 ut
266 3662 303 3724 ct
338 3650 470 3751 singuli
505 3663 664 3726 auctores
695 3646 842 3748 singulis
875 3643 1116 3723 voluminibus

61 3773 277 3854 absolvantur
307 3792 344 3854 et
375 3807 496 3858 omues
524 3783 618 3856 inter
648 3805 685 3854 se
714 3777 837 3852 ordine
867 3773 1021 3874 quodam
1055 3798 1115 3846 co-

61 3900 225 3983 hierem.
