2924 4820
225 1763 457 1889 'Priusquam
488 1791 705 1864 Parmenidis
740 1817 884 1866 carmen
913 1808 949 1866 et
979 1789 1172 1866 doctrinam
1202 1819 1267 1868 ex-

190 1957 323 2057 plicare
344 1932 535 2060 aggrediar,
552 1985 665 2060 pauca
688 1960 733 2033 de
752 1963 804 2052 iis,
824 1963 987 2062 quiante
1006 1987 1065 2034 me
1083 1963 1121 2034 iu
1143 1963 1269 2036 eodem
1329 2057 1334 2062 Ι

190 2141 402 2228 argumento
420 2131 548 2206 versati
566 2143 670 2223 sunt,
697 2131 958 2230 praemonenda
979 2129 1078 2204 duxi.
1130 2130 1268 2202 Horum

190 2299 329 2394 primus
349 2299 421 2372 luit
443 2300 571 2372 llenr.
595 2301 868 2398 Stephanus,
892 2303 1016 2400 quiin
1034 2301 1148 2374 Ροέεἱ
1167 2297 1269 2373 Phi-

191 2469 385 2563 Ioaophicc
406 2497 436 2541 a.
454 2427 558 2569 Ι1573
583 2467 697 2559 edita,
732 2467 908 2569 quaedam
937 2468 1156 2543 Parmenidis
1183 2493 1269 2542 ver-

190 2665 302 2748 suum
323 2601 683 2742 fragmenta'collecta
705 2641 863 2742 protulit.
888 2695 893 2704 -
916 2641 1022 2738 Quod
1043 2641 1100 2716 hic
1123 2630 1269 2716 inchoa-

189 2827 301 2904 verat,
324 2811 456 2911 majore
480 2837 565 2886 cura
583 2829 619 2886 et
642 2812 773 2914 majore
794 2811 974 2888 doctrlnae
993 2826 1168 2912 apparatu
1186 2837 1268 2910 per·

178 2997 334 3056 ,secutus
351 2997 403 3056 est
421 2981 453 3054 J.
466 2983 680 3082 Scaliger,
701 2985 804 3082 cujus
825 2981 1022 3060 adversaria
1036 2984 1074 3054 in
1096 2971 1269 3081 Leydensi

188 3150 397 3264 bibliotheca
420 3169 592 3230 asservata
613 3167 755 3254 praeter
777 3153 843 3229 alia
875 3154 1060 3226 continent
1077 3151 1268 3224 Parmeni-
1334 3205 1338 3216 .

189 3319 244 3394 dis
269 3335 305 3396 et
320 3323 541 3422 Empedoclis
561 3323 764 3438 carminum
784 3323 966 3426 reliquias,
994 3335 1067 3394 tam
1085 3317 1270 3418 diligenter

112 3479 116 3490 ’
189 3507 227 3566 et
245 3490 367 3567 scdulo
388 3493 548 3568 collectas
572 3509 609 3568 et
633 3508 867 3594 comparatas,
898 3489 1152 3590 impletaque,
1176 3515 1271 3587 quae
1396 3549 1400 3559 „

189 3663 313 3738 multis
336 3663 483 3738 demum
504 3679 582 3763 post
594 3667 697 3739 annis
710 3663 931 3737 literatorum
948 3653 1271 3734 hominumstudiis

190 3847 292 3907 eruta
334 3848 440 3926 sunt,
481 3834 540 3909 ille
572 3834 686 3910 multo
722 3847 804 3907 ante
836 3829 1074 3928 occupaverit.
1142 3823 1270 3926 Neque

190 4005 343 4080 dubium
364 4021 416 4080 est
431 4009 543 4108 quin,
564 4009 593 4082 si
615 4001 701 4080 ha'ec
726 4003 883 4080 collectio
903 4002 1005 4102 prius
1037 4011 1127 4074 esset
1147 3993 1271 4074 dictal-

192 4193 284 4276 gata,
296 4177 527 4256 Parmenidea
539 4179 756 4280 philosophia
769 4178 840 4278 jam
857 4174 995 4276 pridem
1014 4170 1129 4248 multo
1143 4168 1270 4243 clarius
