2942 4830
561 389 801 438 rannosorrru.
1150 381 1213 444 227

134 553 325 628 mundum
355 577 500 627 ornnem
523 557 571 627 ita
594 557 762 655 compleri
783 563 941 652 censuit,
976 575 1018 638 ut
1044 561 1132 636 nibil
1155 591 1217 638 re-

132 672 369 776 linqueretur
394 701 549 752 vacuum
567 678 671 769 ¹⁶3in
692 703 734 751 eo
759 679 823 754 sibi
835 695 1014 776 constans,
1034 685 1151 784 quod,
1172 701 1217 761 ut

130 797 170 867 in
200 797 355 870 veritate
376 821 460 870 non
482 823 572 893 ens,
596 802 702 873 sicin
725 817 852 876 natura
873 805 1003 878 inane
1025 805 1181 882 sustulit.

182 917 365 1017 Principia
395 919 452 992 illa
482 919 566 992 fecit
591 919 708 996 lucem
730 939 766 996 et
791 939 952 1016 noctem,
977 953 1134 1026 quorum
1165 929 1217 1004 vis

11 1118 14 1124 ¹
130 1039 170 1108 in
195 1038 338 1113 mundo
358 1040 594 1116 videturesse
617 1047 792 1136 maxima,
813 1047 882 1139 ita,
907 1063 951 1121 ut
969 1048 1098 1123 horum
1127 1074 1217 1122 con·

130 1163 246 1234 traria
275 1163 409 1236 actione
436 1191 558 1238 omnes
581 1191 674 1264 pene
703 1180 851 1242 naturae
881 1171 1112 1257 mutationes,
1135 1195 1217 1244 om·-

84 1367 86 1372 ,
130 1282 245 1370 nium
267 1307 392 1387 rerum
412 1288 591 1385 generatio
604 1301 640 1361 et
650 1289 814 1363 interitus
831 1292 1003 1365 contineri
1014 1276 1214 1367 videantur.

129 1401 293 1504 Singulis
324 1405 378 1481 his
408 1423 569 1506 cognatas
600 1409 724 1485 tribuit
756 1413 903 1508 species:
938 1411 1010 1488 luci
1041 1411 1216 1503 calidum,

129 1523 242 1618 leve,
265 1553 409 1622 rarum,
436 1533 530 1604 nocti
550 1533 740 1633 frigidum,
764 1559 892 1633 grave,
915 1535 1084 1611 densum:
1117 1559 1217 1636 quo-

131 1673 225 1720 rum
256 1651 418 1724 omnium
449 1667 618 1727 naturam
650 1681 695 1730 an
728 1659 927 1732 accuratius
960 1657 1216 1766 explorarent,

133 1793 213 1842 non
239 1785 386 1870 apparet
397 1773 564 1874 quidem,
583 1800 650 1849 nec
664 1790 785 1850 tamen
807 1803 871 1875 pro
885 1777 980 1851 illius
999 1793 1113 1852 aetate
1129 1805 1216 1878 pru-

133 1889 256 1965 babile
278 1907 329 1967 est
345 1903 397 1966 ¹⁷.

185 2014 306 2116 Vulgo
331 2029 452 2090 autem
482 2018 569 2092 hacc
595 2021 767 2118 principia
791 2013 1034 2112 elementa,
1057 2025 1217 2122 στοιχεῖα

132 2140 212 2216 sive
245 2137 356 2239 ἀρχὰ)
390 2139 634 2241 στοιχειώδεις,
667 2141 738 2214 dici
762 2140 956 2242 haberique
987 2141 1110 2215 solent.
1169 2145 1249 2240 Er,

132 2285 244 2354 sane,
268 2287 387 2361 quum
411 2287 452 2334 ea
482 2267 553 2336 sint
583 2289 604 2338 e
634 2263 769 2364 quibus
794 2263 956 2338 oriantur
989 2264 1094 2337 etin
1121 2287 1215 2362 quae
1341 2275 1348 2290 ‘

133 2381 361 2460 resolvantur
381 2387 521 2475 omnia,
543 2399 638 2460 recte
663 2385 729 2458 hoc
751 2382 926 2460 vocabulo
952 2383 1120 2483 appellari
1141 2409 1215 2483 pos-

132 2517 239 2597 sunt,
270 2505 374 2579 modo
396 2531 444 2578 ne
465 2509 730 2598 existimemus,
754 2520 812 2596 ea,
840 2506 930 2578 sicut
953 2504 1129 2580 elementa
1149 2503 1215 2577 ha·

134 2625 213 2701 beri
237 2627 372 2722 solent,
401 2655 475 2704 esse
505 2627 644 2726 pondus
669 2630 765 2702 iners
782 2629 1046 2726 informemque
1061 2625 1213 2719 molem,
1270 2665 1273 2672 ¹

132 2751 196 2824 cui
218 2750 331 2840 forma
353 2765 390 2823 et
408 2753 496 2825 actio
516 2752 735 2826 extrinsecus
754 2737 934 2849 impertiri]
946 2747 1112 2822 debeant.
1148 2749 1215 2824 Ne·

132 2899 208 2972 que
241 2873 347 2945 ctiam
379 2873 540 2947 habenda
569 2887 656 2947 sunt
688 2873 823 2945 formae
853 2869 1030 2972 quaedam
1061 2874 1214 2971 corporis

133 3009 316 3092 expertes,
341 2995 473 3096 quibus
492 2997 655 3068 materies
669 2995 895 3088 extrinsecus¹
910 2992 1131 3091 suggerenda
1151 2995 1214 3087 sit,
1343 3027 1346 3034 ¹

134 3119 226 3192 dont
247 3117 395 3218 quidam
417 3117 500 3190 olim
519 3117 703 3189 linxerunt
719 3119 774 3187 ¹⁸.
824 3113 904 3186 Non
925 3115 972 3186 ita
995 3127 1133 3190 veteres
1153 3139 1214 3188 re-

134 3267 219 3315 rum
247 3240 418 3338 principia
450 3237 514 3312 sibi
543 3237 805 3328 informarunt,
839 3259 960 3334 neque
995 3235 1145 3308 formam
1178 3249 1215 3308 et

134 3363 338 3456 materiem,
360 3359 479 3434 ambas
502 3357 578 3432 illas
598 3370 726 3430 natura
745 3356 839 3429 inter
855 3381 892 3428 se
912 3353 1135 3456 conjunctas,
1152 3353 1213 3427 di-

135 3483 326 3557 vellerunt.
376 3485 457 3582 Ipse
489 3438 717 3554 Parmenides
749 3503 806 3550 eas
839 3475 993 3576 appellat
1024 3474 1211 3572 μορφάς,

157 3715 226 3782 ,(ι6)
260 3715 316 3767 Vrd.
333 3731 381 3767 raa
401 3714 447 3768 123
464 3731 501 3786 sq.
605 3691 612 3702 ⁵

167 3802 225 3871 (ιγ)
257 3805 409 3858 Accmtins
439 3805 472 3857 de
502 3805 541 3856 iris
561 3810 669 3869 eruunt
687 3802 811 3862 seriores,
832 3807 863 3850 ut
881 3796 1034 3850 Plutarchus
1058 3797 1084 3848 in
1103 3795 1213 3864 eleganti

134 3895 285 3964 quaestione
300 3895 333 3948 de
350 3894 436 3965 primo
451 3893 557 3962 frigido,
574 3893 630 3946 vot.
646 3894 692 3945 IX.
710 3893 740 3942 ll.

167 3986 225 4052 (rs)
258 3987 300 4037 Ita
315 3984 427 4038 Telesina
436 3985 506 4054 apud
526 3987 665 4044 Βιοοιιειιι,
697 3985 760 4052 opp.
781 3979 1086 4048 v01.1x‚p.33³„jm
1107 3981 1214 4052 abipso

135 4075 232 4128 ltacoos
254 4073 442 4144 reprehensus,
466 4075 527 4128 ibid.
545 4091 569 4142 p.
591 4075 646 4138 347.
873 4092 877 4100 .

1004 4162 1068 4238 15*
