2924 4820
480 345 693 393 ruruosorsrm.
854 351 861 358 ·
1056 327 1119 394 189

67 511 112 594 pic
146 505 355 580 ἐπιπλήττοντος
383 507 433 568 καὶ
462 510 513 583 τὴν
548 509 630 570 αὑτοῦ
664 510 837 596 παριξαντος
869 501 1051 587 εὐλάβειαν,
1085 511 1122 580 ὠς

68 611 118 704 s'pa
142 613 206 686 θεὸς
230 612 284 700 μὲν
308 603 362 678 οἶδε
386 617 438 690 τὴν
462 611 632 697 ἀλήθειαν,
659 607 772 684 diuos
794 601 822 676 δ’
849 612 910 678 ἐπὶ
933 624 1033 676 πᾶσι
1064 616 1121 676 τέ-

67 742 204 786 svaros·
233 729 253 796 ἡ
279 720 334 808 μὲν
363 722 422 810 γὰρ
451 717 594 812 φιλοσοφίαι
628 719 711 810 θῆρα
746 731 795 796 τῆς
822 717 965 795 ἀληθείας
995 721 1042 798 ἐςί
1073 707 1131 785 22AE
1253 710 1258 720 ¹

65 822 140 916 ἕρεξις
172 827 298 892 καὶτῶν
324 837 517 918 ονγχορεντῶν
536 827 586 890 καὶ
608 837 658 902 τῆς
679 825 747 916 πρὸς
768 821 865 898 adroic
887 829 1048 918 συμφωνίας
1069 848 1122 916 φη-

65 940 107 998 su.
131 928 173 998 In
205 929 329 1025 primis
355 951 440 1026 ergo
468 924 522 997 illi
549 926 635 998 haec
658 925 736 1002 laus
761 925 895 998 tributa
924 939 998 1016 est,
1025 926 1123 1022 quod

63 1038 274 1131 superiorum
293 1034 527 1133 arrogantiam
552 1032 764 1106 modestiore
782 1031 1052 1130 philosophandi
1069 1058 1123 1104 ra·

64 1145 141 1216 tione
169 1142 365 1238 repressit,
396 1139 493 1237 quod
523 1138 646 1212 Cicero
672 1161 819 1236 quoqne
850 1151 887 1212 et
915 1138 1048 1211 allide
1080 1163 1123 1212 eo

63 1261 222 1320 testantur
233 1247 256 1316 ⁸.
277 1247 506 1344 Quamquam
529 1245 701 1318 Stobaeus
722 1245 869 1343 quidem
890 1245 1124 1344 Xenophanis

63 1354 180 1426 dictum
207 1381 229 1427 e
257 1353 404 1426 Platone
435 1354 576 1428 ornavit
603 1363 639 1423 et
667 1353 768 1423 auxit
791 1379 799 1422 :
822 1351 935 1425 veluti
970 1351 1059 1443 hoc,
1085 1343 1127 1433 uc*

62 1468 115 1541 tels
134 1466 186 1555 μὲν
209 1459 266 1533 dds
290 1469 341 1546 τὴν
365 1466 535 1549 ἀλήθειαν,
561 1459 730 1533 convenit
753 1457 861 1558 plane
885 1487 968 1531 curn
992 1459 1063 1532 illis
1083 1460 1121 1532 in

62 1567 202 1640 Phaedro
235 1567 339 1640 dictis
368 1593 387 1638 a
422 1567 564 1638 Socrate
594 1593 602 1636 :
634 1571 665 1635 τὸ
694 1569 748 1658 μὲν
774 1573 853 1665 σοφὸν
889 1555 993 1636 καλεῖν
1025 1565 1123 1660 ἔμοιγε

63 1684 123 1769 μέγα
148 1674 220 1746 εἶναι
246 1676 325 1746 δοκεῖ
349 1679 399 1743 καὶ
419 1675 486 1768 θεῷ
512 1683 592 1766 μόνῳ
620 1681 751 1769 πρέπειν·
783 1681 814 1742 τὸ
839 1677 869 1746 δὲ
893 1675 913 1756 ἢ
939 1677 1080 1772 φιλόσοφον
1104 1674 1122 1754 ἢ

63 1782 141 1851 ruitis
169 1809 197 1850 τι
226 1783 338 1873 μᾶλλον
364 1807 396 1848 τε
423 1779 461 1850 ἒν
488 1779 568 1873 αὐτῷ
595 1788 728 1875 ἁρμόττον
755 1787 807 1848 καὶ
832 1768 1120 1878 ἐμμςλεςέρωςένα.

62 1885 133 1958 ltem
151 1886 253 1986 quod
272 1885 529 1984 philosophiam
549 1885 635 1956 dicit
655 1891 754 1981 θήραν
772 1903 822 1967 τῆς
837 1889 997 1976 ἀληθείας,
1018 1911 1123 1957 usur-

62 2005 167 2086 patum
185 1991 281 2064 illud
297 1989 477 2062 aPlatonc
501 2003 538 2062 et
550 1989 754 2080 Platonicis,
778 2003 819 2068 ut
839 1991 1032 2087 sapientiae
1048 2004 1123 2062 stu·

63 2095 142 2170 dium
160 2095 349 2196 appellent
365 2103 526 2168 ueritatis
544 2097 798 2189 indagationem
811 2149 825 2183 ,
845 2109 890 2166 τώ
909 2095 987 2176 ὄντος
1005 2104 1122 2192 θήραν,

61 2205 144 2274 utin
168 2203 361 2276 Phaedone
380 2202 467 2274 dicit
491 2203 659 2272 Socrates.
687 2201 854 2297 Denique
877 2201 974 2298 quod
997 2205 1123 2275 eadem

60 2305 133 2400 ὄρεξις
162 2314 265 2382 καλῶν
282 2327 475 2406 σνγχορεντῶν
494 2307 569 2406 (sic
594 2306 692 2378 enirn
713 2305 906 2404 legendum
932 2309 1048 2404 puto)
1075 2315 1128 2378 καὶ

59 2431 93 2494 τῆς
107 2421 169 2512 πρὸς
192 2421 294 2496 αὐτοὺς
316 2424 479 2514 συμφωνίαις
503 2413 682 2504 hahetur,
700 2413 868 2486 admonet
891 2439 954 2484 nos
973 2431 1029 2484 τῶν
1052 2425 1123 2512 ἐρω-

59 2538 134 2611 τικῶν,
158 2548 320 2622 quorum
335 2523 454 2595 studio
467 2533 503 2594 et
528 2521 674 2594 scientia
700 2545 737 2593 se
760 2517 937 2593 excellere
966 2521 1123 2596 Socrates
1241 2588 1243 2596 .

59 2629 254 2720 profitetur,
292 2653 409 2728 quum
447 2625 564 2726 pulcri
591 2651 748 2700 amorem
787 2627 966 2724 optimum
1004 2629 1122 2700 existi·

59 2746 114 2804 nat
142 2734 386 2834 philosophiae
418 2735 568 2823 ducem,
599 2759 673 2833 quo
696 2732 844 2806 colendo
876 2734 1033 2834 veritatis
1049 2737 1119 2808 sir·

58 2839 197 2940 tut'uque
229 2843 394 2916 studium
423 2843 463 2912 in
492 2845 672 2937 juvenum
707 2842 834 2913 animis
867 2841 1081 2915 accendatur
1096 2853 1120 2914 ⁹.

59 2944 367 3024 Animadvertenda
392 2949 480 3022 haec
506 2949 702 3040 duximus,
728 2974 776 3022 ne
800 2949 840 3020 in
864 2949 1122 3046 Xenophanem

59 3053 271 3128 conserantur
301 3081 458 3155 eaquae
490 3080 556 3128 nec
585 3067 679 3128 aetas
715 3059 794 3150 ejus
832 3079 898 3127 nec
934 3056 1121 3154 ingenium

59 3156 183 3234 serebat.
211 3165 291 3235 Jam
307 3163 394 3236 haec
431 3161 607 3234 dubitatio
633 3187 675 3234 eo
705 3159 849 3235 videtur
877 3159 1049 3248 valuisse,
1080 3173 1123 3234 ut

87 3453 124 3536 (8)
147 3457 246 3516 Cicero
266 3455 350 3517 acad.
381 3456 435 3531 Qu.
461 3455 521 3530 lV,
546 3455 593 3516 25.
612 3455 695 3514 Timo
727 3473 770 3534 ap.
795 3451 871 3512 Sext.
891 3450 998 3532 Empir.
1022 3451 1122 3532 Pyrrh.

60 3537 75 3612 l,
91 3545 153 3622 ναξ.
174 3557 281 3606 ceteros
302 3543 481 3627 philosophos
495 3563 591 3606 omues
610 3556 769 3624 arrogantes
786 3541 874 3616 dicit,
891 3541 965 3602 hunc
985 3537 1123 3617 ν’πιίτνφιν

60 3633 168 3711 appellat.

87 3774 126 3852 (9)
143 3773 268 3834 Platonis
284 3775 340 3836 loci
364 3777 516 3843 exstantia
533 3772 652 3834 Phaedr.
669 3794 697 3854 p.
712 3771 768 3853 178
779 3772 815 3830 D.
837 3773 868 3831 in
878 3767 1020 3832 Phaedon.
1032 3789 1060 3850 p.
1084 3789 1118 3850 ¹7

59 3855 137 3938 Wyu.
146 3863 181 3922 ad
195 3884 223 3942 q.
238 3864 306 3924 hcl.
328 3876 424 3924 annot.
439 3886 467 3946 p.
483 3861 549 3926 155.
562 3863 677 3924 Proclus
697 3861 832 3941 Theolog.
844 3859 953 3921 Platon.
968 3859 991 3934 l,
1008 3878 1033 3918 r.
1043 3855 1122 3918 Idem

59 3946 206 4014 irParmeu.
224 3955 282 4015 sol.
301 3955 362 4025 IV,
383 3977 412 4036 p.
427 3954 533 4028 suad.
555 3955 668 4016 Gousin.
680 3953 722 4014 De
742 3972 836 4014 amore
850 3953 907 4034 agit
929 3971 984 4012 vau
1005 3949 1121 4012 Heusdc

60 4034 144 4114 Philus.
165 4044 272 4107 Platon.
291 4044 393 4120 Initia,
415 4066 444 4126 p.
458 4042 499 4127 96
517 4065 577 4124 sqq.
