2840 4820
292 323 356 388 142
698 343 736 386 us
759 342 951 386 xsuormrs

282 517 341 574 ναῦν
365 500 518 574 similem
542 499 734 599 perhibens
758 513 869 600 σφαίρᾳ
891 513 971 596 ζώσῃ
995 507 1111 596 ποικίλῃ
1125 532 1135 596 3
1151 529 1241 602 quae
1258 508 1342 578 notio

283 629 401 709 quum
424 607 521 706 apud
538 608 728 706 plerosque
747 608 974 697 invaluisset,
994 610 1090 682 idem
1106 635 1247 709 quoque
1262 615 1344 710 pris-

283 744 341 790 cos
364 716 588 814 philosophos
614 731 651 788 et
678 729 775 788 vates
806 717 872 789 hac
900 717 1053 814 imagine
1083 717 1288 792 intellexisse
1314 733 1345 792 et

282 824 490 922 significasse
518 821 751 894 crediderunt
774 849 783 893 z
808 822 906 920 quod
932 821 1107 920 imprimis
1133 823 1250 896 Proclo
1275 823 1345 920 pla·

283 932 360 1004 cuit
383 927 418 1000 ⁸⁵.
443 930 500 1000 Sic
524 927 706 1003 veteribus
722 928 931 1001 tribuerunt
952 931 1164 1002 sententiam
1182 955 1272 1028 quae
1289 955 1346 1000 nec

283 1037 426 1135 ingenio
448 1059 516 1106 nec
540 1035 720 1107 doctrinae
743 1059 872 1106 eorum
900 1047 1123 1133 congrueret.

334 1143 562 1215 Recentiores
594 1139 823 1213 Aristotelem
852 1139 1019 1240 plerique
1049 1144 1277 1240 interpretem
1303 1163 1347 1211 se

259 1249 360 1320 ·cuti
380 1247 630 1320 existimarunt
655 1245 786 1339 illum,
811 1273 928 1346 quum
956 1256 987 1319 τὸ
1011 1251 1040 1318 ἓν
1064 1249 1197 1321 diceret
1219 1247 1347 1335 Deum,

284 1355 329 1428 ad
362 1354 543 1427 mundum
565 1353 643 1449 (τᾶν
667 1355 816 1454 οὐρανὸν)
839 1357 1058 1454 respexisse,
1088 1369 1125 1429 et
1150 1353 1348 1426 intellexisse

284 1463 385 1561 quasi
397 1463 554 1534 animam
575 1463 711 1560 (quam
723 1463 957 1536 substantiam
969 1463 1181 1563 appellant)
1202 1488 1261 1560 per
1276 1461 1347 1532 uui-

283 1593 427 1643 versum
456 1569 650 1660 diffusam,
681 1572 869 1643 essentiam
901 1597 1024 1644 rerum
1054 1571 1218 1642 omniurn
1250 1579 1348 1638 mate·

282 1677 374 1749 riem
399 1679 587 1774 omnisque
612 1689 764 1750 naturae
792 1678 1097 1751 fundamentum:
1125 1679 1221 1751 hunc
1243 1675 1348 1746 Deum

283 1781 494 1880 appellasse,
520 1809 632 1880 quem
661 1797 779 1856 totum
806 1809 971 1876 cernere,
1001 1799 1120 1857 totum
1147 1783 1282 1871 audire,
1306 1792 1349 1849 to

281 1901 363 1961 tum
380 1891 533 1988 cogitare
558 1888 688 1963 dixerit
711 1889 746 1961 ⁸⁶.
774 1893 868 1964 Hinc
879 1893 987 1965 multi
1005 1891 1234 1990 Xenophanis
1259 1888 1350 1958 ratio·

285 2021 371 2068 nern
388 1997 602 2093 pantheismi
625 1998 772 2069 nomine
794 1999 1037 2096 designarunt.
1052 1999 1124 2070 Sed
1145 2021 1258 2094 quum
1281 1991 1350 2063 satis

282 2101 474 2200 probatum
499 2103 600 2175 nobis
628 2103 805 2191 videatur,
822 2103 929 2174 illum
950 2107 981 2176 τό
1003 2104 1037 2175 ὃν
1062 2103 1107 2176 ad
1121 2105 1237 2176 Deum
1260 2097 1350 2172 modo
1400 2115 1401 2118 ’

283 2208 470 2300 retulisse,
496 2209 541 2282 de
570 2209 707 2281 mundo
734 2235 807 2281 non
836 2212 1026 2309 cogitasse,
1053 2213 1120 2286 ista
1146 2210 1263 2308 opinio
1286 2227 1350 2278 cor-

282 2317 358 2388 ruit
369 2314 404 2386 ⁸⁷.
419 2317 537 2387 Etiam
558 2316 786 2414 Xenophanis
805 2320 980 2391 rationem
994 2345 1081 2391 cum
1100 2319 1270 2418 Spinozae
1281 2313 1350 2385 doc·

187 2453 192 2468 ·
286 2425 379 2494 trina
405 2435 661 2520 compararunt
682 2421 718 2492 ⁸⁸.
739 2422 793 2495 De
818 2428 924 2520 cujus
950 2428 1128 2499 sententia
1143 2437 1185 2498 ut
1205 2423 1351 2494 omittam

281 2649 311 2711 sl
331 2649 369 2712 Ν
390 2649 480 2730 ιιυίλρ
503 2654 616 2712 stasim
636 2653 674 2729 (ὅ
696 2651 841 2734 sigerich
862 2652 942 2729 oseis
967 2656 981 2714 ti
1003 2658 1156 2716 nautius·
1178 2648 1218 2713 irs
1240 2659 1289 2711 sois
1311 2671 1353 2724 pu·

281 2743 392 2821 μιῖτιι·
413 2742 447 2802 u's
473 2741 527 2824 peip
546 2743 560 2802 ὅ
580 2743 656 2802 tutor
682 2746 745 2804 nts'
759 2745 806 2806 ui
831 2743 1028 2828 dapisopytsis
1050 2753 1087 2807 sis
1112 2741 1205 2808 inuris
1225 2735 1353 2820 s'atspsoi·

280 2857 359 2912 passos
379 2835 477 2916 &sepsi
502 2832 595 2896 snitu
621 2833 668 2896 nasi
697 2836 789 2896 iussis
815 2839 838 2898 is
862 2839 988 2914 intus,
1013 2833 1081 2900 sire
1101 2834 1178 2900 urai
1200 2831 1231 2896 ri
1252 2827 1352 2894 dotarii

284 2942 351 3002 oses
373 2925 534 3004 μιμοᾶμυα
559 2935 651 2986 τοῦτον
679 2923 719 2986 n*
742 2931 812 2988 κατ’
836 2925 958 3010 stiparis,
981 2936 1017 2990 εἰς
1037 2927 1126 2991 faarai
1151 2924 1199 2998 rii
1221 2916 1352 3004 {respodit

281 3018 413 3078 vossius.
424 3017 529 3078 Plotini
540 3018 678 3078 sententia
688 3039 818 3100 expressa
831 3040 847 3079 e
862 3021 985 3080 Platonis
1008 3021 1144 3098 Timaeo,
1168 3039 1249 3102 supra
1262 3038 1289 3098 p.
1306 3031 1352 3072 12⁰

280 3107 405 3170 laudato.

323 3233 387 3318 (85)
410 3233 500 3295 Procl.
521 3236 553 3294 in
570 3233 642 3295 Plat.
665 3235 764 3298 Theol.
787 3237 845 3314 lv,
867 3259 891 3298 c.
917 3237 973 3314 38,
993 3261 1023 3320 p.
1045 3243 1115 3322 239.

322 3355 387 3436 (86)
403 3355 489 3440 Bayle
508 3359 634 3418 Dictiou.
655 3361 790 3442 Xenoplr.
817 3373 877 3420 not.
903 3359 1037 3436 B3l1une
1062 3361 1143 3422 multi
1171 3358 1258 3419 secuti
1280 3362 1353 3422 sunt,

281 3459 380 3506 contra
411 3467 479 3526 quos
503 3446 559 3526 jam
589 3448 759 3508 Moshemius
786 3449 822 3510 ad
849 3449 1029 3511 Cuthworthi
1050 3451 1126 3532 Syst.
1153 3451 1208 3509 lnt.
1234 3445 1353 3516 1v‚20·

281 3556 311 3616 p.
332 3534 411 3610 583,
432 3549 460 3595 et
477 3537 635 3596 Bruclerus
656 3539 729 3597 Hist.
753 3539 826 3598 Phil.
848 3550 870 3599 t.
892 3541 926 3614 1,
949 3561 978 3622 p.
1004 3539 1082 3621 1149
1102 3538 1295 3619 disputarunt,
1312 3547 1355 3588 sut

282 3635 400 3704 uterque
417 3626 543 3702 ratione;
563 3627 640 3688 varie
661 3625 696 3687 de
715 3628 768 3688 hae
785 3631 948 3708 quaestione
961 3629 1072 3690 disserit
1090 3627 1210 3690 Brendis
1223 3627 1241 3686 l.
1256 3625 1273 3684 Ι.
1286 3641 1311 3703 p.
1322 3637 1354 3676 ²0

283 3733 343 3794 sqq·
367 3717 494 3776 Ritterus
515 3715 617 3778 Gesclr.
648 3715 676 3776 d.
696 3717 767 3778 Phil.
786 3731 808 3779 t.
830 3720 863 3795 1,
884 3741 913 3802 p.
939 3719 1001 3803 449
1024 3718 1202 3782 Aristotelem
1232 3712 1353 3792 sequitur·

322 3813 386 3910 (87)
408 3829 477 3892 Vid.
500 3831 613 3892 uberius
635 3831 670 3892 de
685 3831 739 3894 hoo
758 3833 940 3895 disserentem
966 3837 1070 3896 Cousin
1091 3833 1110 3894 Ι.
1130 3833 1151 3892 Ι.
1176 3853 1205 3914 p.
1228 3827 1265 3912 75
1284 3843 1336 3902 sqq·

327 3939 388 4018 (88)
410 3945 445 4004 1¹¹
466 3947 564 4027 primis
584 3947 670 4030 Bayle
690 3951 710 4012 Ι.
730 3950 750 4010 Ι.
768 3949 938 4029 Diligentius
955 3948 991 4010 de
1014 3949 1067 4010 lios
1090 3963 1223 4026 quaerere
1242 3933 1355 4001 instituit

287 4027 459 4108 Ft'rttebom,
477 4035 633 4120 Beytraege
652 4063 676 4102 r.
699 4040 802 4104 Gesclr.
824 4039 854 4102 d.
872 4039 945 4102 Plsil.
966 4041 1001 4100 Τ.
1022 4039 1057 4116 Ι,
1081 4039 1159 4100 Part.
1180 4036 1204 4096 l.
