2966 4824
290 428 352 488 160
681 441 731 490 ns
751 437 967 490 stamme

286 606 350 682 sed
381 607 426 682 de
458 613 640 684 communi
664 608 897 710 intelligentia
920 605 1049 706 accipit
1072 617 1127 678 ²⁴.
1177 605 1286 680 Unde
1311 610 1360 680 in·

287 727 484 828 telligitnr,
502 729 673 806 vocabula
698 732 763 805 ista
783 728 944 823 δοξαστὸν
964 743 1002 806 et
1021 729 1130 818 νοητὸν
1152 753 1253 828 posse
1274 731 1362 830 qui·

287 847 391 941 dem,
411 852 441 924 si
460 876 534 925 non
552 851 673 928 subtili
694 855 845 946 ratione,
868 869 1024 928 attamen
1040 851 1167 950 pingui
1181 849 1362 942 Minerva,

286 983 331 1044 ut
351 972 470 1065 aiunt,
491 977 529 1050 in
549 963 801 1050 Parmenidem
822 973 1091 1065 accommodari,
1110 971 1214 1046 modo
1235 997 1361 1048 cavea-

286 1123 389 1191 mus,
435 1125 484 1173 ne
530 1097 693 1173 notiones
721 1125 741 1170 a
772 1098 952 1173 Socraticis
983 1095 1131 1170 demum
1163 1091 1361 1168 accuratius

285 1218 466 1318 explicitas
486 1218 537 1292 illi
559 1217 808 1292 attribuamus.
1017 1217 1022 1230 '

335 1339 665 1442 Reprehendendus
689 1340 747 1414 hic
763 1355 816 1414 est
832 1339 1061 1442 quorundam
1076 1363 1175 1413 error
1193 1341 1361 1436 interpres

286 1476 383 1556 tum,
400 1463 607 1562 pracsertim
626 1461 980 1560 Neopletonicorum,
1000 1462 1066 1562 qui
1085 1483 1230 1534 omnem
1250 1485 1362 1558 paene
1469 1453 1470 1456 ¹

285 1584 441 1658 Platonis
454 1583 652 1668 doctrinam
669 1585 714 1659 ad
732 1583 983 1660 Parmenidem
1003 1581 1227 1673 retulerunt,
1247 1607 1361 1684 eoque

285 1705 397 1804 hujus
428 1719 586 1780 mentem
619 1705 761 1805 saepius
789 1719 1055 1805 perverterunt.
1104 1705 1176 1794 Sic,
1209 1703 1362 1804 exempli

286 1827 422 1926 gretia,
455 1825 701 1920 Parmenides,
724 1843 768 1901 ut
796 1827 901 1901 ruodo
932 1825 1110 1918 diximus,
1144 1827 1184 1896 in
1214 1827 1362 1900 veritate

284 1951 386 2048 ponit
396 1951 452 2041 rip
469 1951 599 2043 πίστιν,
616 1949 715 2028 unde
732 1949 883 2042 &silem
895 1949 1049 2050 appellat
1069 1945 1220 2042 εὐπειθῆς
1242 1961 1362 2020 contra

259 2071 385 2170 ,Pluto
416 2075 528 2148 πίων
564 2073 609 2147 ad
644 2075 822 2172 opinionis
856 2071 1097 2172 conjecturam
1128 2071 1260 2161 refert,
1292 2093 1363 2169 qua

285 2219 361 2268 esso
387 2193 523 2294 aliquid
548 2193 744 2288 credimus,
767 2197 904 2270 etiamsi
926 2195 1062 2268 ratione
1081 2217 1155 2266 non
1171 2189 1363 2265 habeamus
1470 2189 1471 2194 ’

284 2333 513 2414 perspectum
539 2323 595 2388 ²⁵.
647 2319 740 2391 Ecce
773 2343 860 2392 vero
894 2315 1061 2406 Produc,
1098 2313 1188 2387 dnm
1213 2313 1364 2386 Parme-

284 2435 409 2510 nidem
436 2463 545 2512 sunm
573 2465 659 2514 cum
678 2437 824 2512 Platone
840 2437 1026 2525 conciliet,
1040 2434 1138 2510 illius
1153 2437 1364 2508 sententiam

252 2629 254 2634 ,
285 2557 329 2630 ad
344 2557 455 2659 hujus
471 2563 645 2632 rationem
660 2557 766 2657 plane
781 2557 972 2657 detorquet
992 2559 1053 2628 2⁶:
1078 2558 1171 2655 λέγει
1193 2554 1222 2632 δ’
1242 2549 1365 2631 uersat

287 2682 304 2752 ὁ
327 2679 516 2774 φιλόσοφος
541 2677 795 2777 (Παρμενίδης),
815 2677 871 2752 'erl
896 2677 1019 2760 διττοΐς
1043 2677 1245 2778 πράγμασι,
1268 2675 1364 2756 οὖσι
1471 2667 1472 2700 ⁴

286 2802 343 2874 ml
367 2803 422 2895 μὴ
447 2795 562 2895 οὖσι,
594 2801 711 2884 διττὰς
736 2799 814 2878 εἶναι
838 2803 901 2884 τὰς
926 2800 1083 2900 γνώσεις,
1115 2801 1363 2893 ἀλήθειαν...

287 2928 345 3000 καὶ
370 2925 594 3018 eiurante
626 2925 695 3001 dccl
721 2931 779 3017 τῆς
801 2927 986 3023 μονίμου
1009 2924 1198 3023 γνώσεως
1219 2926 1364 3022 ἀφεῖλεν.

287 3047 532 3120 Parmenides
543 3073 689 3148 quoque
698 3047 841 3122 erotus
851 3073 972 3120 rerum
979 3048 1199 3146 generibus,
1212 3051 1259 3120 iis
1269 3073 1365 3148 quae

287 3181 375 3242 sont
389 3183 426 3244 et
443 3197 540 3270 quae
551 3185 742 3263 consum,
756 3170 852 3243 duas
864 3167 1040 3268 adsignat
1051 3169 1294 3269 cognoscendi
1302 3197 1365 3243 ar·

289 3303 343 3364 tes
349 3293 585 3379 ,ver-itatem.
601 3349 610 3366 .
625 3307 683 3366 .et
689 3293 826 3393 fidem,
836 3315 950 3391 quom
959 3317 985 3363 a
995 3295 1097 3363 'certa
1112 3291 1269 3364 sciendo
1280 3291 1363 3365 diri·

289 3413 367 3484 mit.
378 3411 838 3488 Parmenidescontrarioea
846 3411 1099 3513 quacProelus
1112 3411 1365 3490 utdiversadis·

289 3533 432 3632 tinguit,
441 3533 629 3608 veritatem
639 3534 977 3636 etlidem,tanquam
988 3548 1133 3634 cognata
1141 3535 1279 3642 interse
1289 3561 1363 3609 con·

288 3655 419 3752 junxit.
445 3655 604 3730 Tantum
621 3657 733 3733 valuit
747 3655 985 3757 praejudicata
1000 3656 1122 3757 opinio
1132 3657 1361 3732 existimanti·

290 3799 376 3868 um,
403 3789 513 3849 totam
531 3773 686 3854 Platonis
702 3775 918 3851 dialecticam
938 3776 1187 3852 aParmenide
1208 3775 1359 3854 fluxisse.
1383 3771 1387 3780 ’

324 3981 381 4044 (alr)
415 3982 468 4034 Vsa.
485 3981 534 4043 43,
558 3981 610 4042 ιίιθ.
630 3981 667 4034 Cl.
685 3991 738 4035 not.
757 3999 795 4036 ar.

324 4071 381 4134 (alr)
414 4067 452 4120 ct
470 4071 612 4122 Comment
628 4071 661 4122 ad
679 4087 715 4122 rs.
732 4071 776 4123 30.
793 4088 817 4141 p.
835 4071 867 4124 68
886 4091 922 4144 sq.

325 4157 381 4226 (26)
413 4157 517 4214 Proclur
536 4160 562 4212 in
583 4160 648 4210 Tira.
670 4177 695 4229 p.
714 4153 786 4212 ro5.v
