2966 4824
553 409 793 460 mmeorml.
1150 401 1216 463 203

135 577 309 651 diversos:
334 579 500 652 infimum
523 578 642 652 lotum
662 593 786 652 tenere
801 578 985 654 materiem
1007 580 1083 656 eive
1098 607 1225 676 mun·-¹

134 697 225 772 dum
252 697 497 797 spectabilem
529 698 599 774 boc
630 700 871 802 superiorem,
894 725 990 800 quoe
1018 705 1145 802 spiritu
1177 719 1215 780 et
1266 761 1269 770 -

132 820 254 893 animo
271 819 427 920 praedite
446 823 533 914 rint,
552 835 703 896 nrtumo
722 823 830 912 vireo,
846 823 992 916 animas,
1005 823 1210 921 daemonem

130 967 242 1040 supra
265 942 322 1016 illa
351 969 426 1016 esse
448 945 521 1044 ipsa
543 941 817 1044 intelligibilium
844 969 968 1018 rerum
987 969 1117 1044 genera
1138 949 1213 1025 sive

130 1063 249 1157 ideas3
280 1091 464 1139 summum
493 1065 652 1166 denique
687 1063 806 1137 lorum
831 1062 989 1140 obtinere
1014 1065 1122 1141 talem
1144 1093 1215 1142 na·

130 1199 271 1278 turam,
294 1211 388 1286 quoe
414 1212 538 1261 rerum
566 1209 696 1285 genera
721 1197 758 1258 et
786 1187 878 1262 vires
909 1213 975 1287 per
999 1190 1213 1266 universum

129 1319 294 1404 patentes
312 1309 388 1381 uni
402 1305 648 1406 complexione
665 1304 952 1406 comprehendet.
975 1307 1069 1383 Haeo
1089 1323 1211 1384 autem

129 1441 176 1499 ut
207 1455 229 1501 a
255 1427 355 1502 nobis
382 1442 505 1502 mente
532 1427 802 1522 discernuntur,
833 1431 882 1504 sic
914 1429 1213 1532 netuli·qunqne

129 1573 208 1622 esee
225 1548 382 1624 discrete.
420 1552 605 1624 Summam
629 1549 726 1624 illam
749 1565 917 1626 naturam
935 1577 1096 1628 mursam
1108 1553 1213 1628 dixe·

129 1686 221 1745 runt
239 1697 314 1746 esne
334 1675 514 1765 omnium,
534 1697 555 1745 e
578 1695 654 1772 qno
672 1687 845 1774 tanquam
865 1674 963 1749 fonte
982 1687 1111 1748 euncta
1130 1700 1213 1748 ma·
1296 1735 1300 1748 .
1380 1659 1386 1668 ’

129 1817 255 1887 nasse,
286 1793 332 1868 do
362 1819 455 1893 puro
483 1793 542 1867 illo
574 1807 611 1866 et
644 1793 766 1868 divino
800 1809 897 1868 stetu
926 1797 967 1869 in
1002 1793 1213 1870 deteriorem

128 1915 367 1989 conditionem
392 1915 543 2016 dejectu,
561 1929 599 1988 et
620 1939 666 1988 ex
687 1915 896 2016 intelligibili
913 1919 1057 2016 regione
1076 1918 1116 1989 in
1137 1915 1213 1990 hu-

129 2036 253 2110 milem
281 2063 322 2110 ae
354 2049 534 2109 terrenam
567 2036 703 2109 faeoem
732 2033 904 2111 demersa.
955 2037 1211 2131 illudentem,

129 2173 174 2232 nt
192 2159 330 2232 fontem
346 2160 525 2250 omnium,
548 2158 723 2231 eontrarin
743 2159 925 2232 continere
941 2175 1065 2232 rerum
1080 2171 1212 2257 genero

130 2279 279 2355 confusa
289 2282 383 2354 inter
393 2305 432 2378 ee
446 2279 595 2380 unique
606 2281 642 2352 vi
654 2281 851 2354 constricta:
870 2305 944 2354 esee
959 2305 1079 2354 unum
1091 2278 1211 2354 idem-

129 2427 204 2503 que
218 2401 334 2477 multn
351 2400 399 2500 (bv
415 2399 566 2498 πολλά),
586 2415 749 2475 oonotrns
760 2416 797 2476 et
807 2401 955 2494 mobile,
979 2403 1125 2475 initium
1146 2425 1212 2474 nn·
1322 2395 1324 2400 ’

128 2538 234 2598 turae
258 2523 427 2624 idemque
447 2523 578 2597 nat'url
602 2521 668 2597 eut
686 2523 904 2622 eompletum
927 2537 965 2598 et
987 2522 1212 2622 perfeetum·²

104 2627 240 2746 =atque
263 2661 307 2719 ut
327 2669 348 2718 a
369 2643 470 2719 noble
485 2643 717 2744 intelligentii
740 2643 1073 2744 mmprehendiruq
1095 2644 1145 2718 eie
1161 2645 1214 2743 ip

127 2795 210 2843 sum
223 2792 370 2868 quoque
382 2781 502 2841 mente
517 2765 718 2866 praeditum
730 2771 822 2858 enee,
843 2777 951 2866 atque
968 2763 1057 2874 tole,
1079 2765 1118 2837 in
1136 2757 1213 2867 quo

128 2887 304 2988 cogitandi
324 2889 541 2988 principium
566 2887 599 2986 (ὁ
626 2886 733 2985 νοῦς),
763 2887 940 2987 ungitrndi
968 2889 1057 2963 ectio
1081 2888 1211 2988 (νόησις)

128 3027 164 3086 et
188 3010 364 3112 cogitandi
383 3011 461 3082 finis
486 3008 620 3108 (νοητόν)
641 3035 717 3084 una
740 3011 777 3084 vi
799 3013 894 3084 inter
917 3037 956 3084 oe
979 3025 1096 3085 eeeent
1119 3037 1210 3084 con·-

127 3133 259 3206 rtricta.
310 3131 411 3204 Hanc
438 3145 605 3205 naturam
630 3133 671 3205 rb
691 3137 858 3212 rorante
880 3133 915 3208 ir
944 3147 1053 3233 utque
1079 3133 1211 3206 eximie

128 3255 296 3343 obventio
319 3251 554 3352 appellarunt.
592 3254 644 3324 Ea
664 3253 795 3351 igitur,
815 3279 1037 3355 quemquam
1051 3267 1114 3327 est
1126 3279 1209 3344 une

129 3403 169 3451 ao
200 3391 291 3468 totu,
320 3375 360 3446 in
390 3373 512 3474 plures
542 3387 662 3446 tamen
686 3389 802 3472 partes
825 3375 935 3448 dividi
959 3388 1086 3475 potest:
1122 3399 1208 3447 narn

127 3499 288 3573 oernitur
305 3498 344 3570 in
366 3523 408 3571 eo
426 3509 462 3568 et
483 3521 619 3568 unum
641 3521 717 3570 ene
736 3495 784 3594 (ἓν
801 3497 848 3597 ἔν)
858 3512 895 3572 et
914 3497 1025 3570 multe
1041 3492 1213 3592 (πλῆθος),

127 3635 164 3696 et
192 3619 297 3694 embo
322 3621 386 3692 iste
414 3617 586 3692 oontmria
609 3616 674 3690 sibi
698 3633 735 3693 et
751 3623 909 3720 oppouta
927 3619 1031 3693 tertio
1051 3616 1209 3718 quodem

127 3757 301 3840 tanquam
323 3742 505 3814 uomrnuni
523 3737 668 3813 vinculo
688 3738 919 3842 colliguntur,
948 3743 1052 3818 utin
1078 3762 1121 3814 eo
1141 3741 1208 3813 trie

128 3863 214 3939 haec
240 3875 454 3936 cernentur:
477 3863 524 3938 rit
544 3863 684 3956 πόλλὶι,
700 3888 795 3964 quae
814 3877 899 3937 sunt
923 3861 1060 3938 diverse
1083 3887 1207 3935 rerum

128 4011 272 4084 genera,
290 3985 329 4060 rb
353 3981 386 4058 ἕν
398 4035 411 4076 ,
424 3983 460 4058 id
477 4012 551 4087 quo
566 3987 631 4060 ista
652 3987 748 4060 inter
768 4011 806 4060 se
827 3983 984 4084 colligata
1003 3997 1104 4076 sunt,
1122 3981 1161 4058 τὸ
1175 3985 1207 4060 et

128 4132 252 4205 perse
276 4110 351 4185 sive
377 4105 555 4203 μοναδικῶς
582 4109 634 4201 ll,
661 4129 874 4206 supremum
900 4107 1002 4206 queri
1025 4105 1205 4206 fastigium
