2924 4820
9 915 11 966 l

538 370 750 414 curiosorum.
1073 351 1136 418 173

76 517 206 618 quidem
223 517 380 616 plurima
406 519 444 590 in
463 542 586 592 rerum
614 529 743 590 natura
770 518 847 591 fieri
871 517 994 592 caloris
1017 521 1135 594 ethu-

73 628 168 698 moris
201 625 428 698 exhalatione
456 627 591 698 statuit.
631 625 779 698 Accedit
807 625 972 724 Diogenis
1005 629 1135 703 Lae'rtii

73 734 305 804 testimonium
334 743 357 783 Π
388 740 457 803 :cci
485 741 552 830 νέρη
576 739 757 815 οννέςασὲνοοι
783 725 829 830 ὑφ’
857 738 955 822 ἡλίου,
978 755 1027 820 τῆς
1052 747 1137 830 ἀτμί-

9 847 11 874 ³
72 841 109 916 δος
139 846 345 936 οἱνοιρερομένης
378 845 428 907 καὶ
466 843 597 933 αἰρούσης
628 844 703 909 αὐτὰ
732 847 771 916 εἰς
804 844 834 908 τὸ
862 852 1003 936 περιέχον.
1035 843 1070 916 h.
1102 873 1135 919 e.

9 979 11 1050 p
73 944 168 1014 nudes
192 947 280 1040 effici
305 969 327 1014 a
352 951 421 1015 sole
446 945 577 1015 eductis
601 947 806 1038 vaporibus,
834 953 898 1041 qui
920 975 978 1018 eas
1001 956 1041 1020 iu
1064 977 1136 1024 eoe-

73 1055 133 1118 lum
157 1063 289 1143 coguut.
319 1051 447 1148 Itaque
476 1051 557 1120 satis
586 1050 733 1171 probata
762 1051 850 1122 mihi
879 1053 1023 1126 videtur
1050 1056 1138 1130 haec

9 1155 257 1227 sententia·
249 1180 410 1254 ,neque
436 1167 637 1228 ceterorum
662 1157 875 1279 scriptorurn
901 1157 1041 1232 silentio
1059 1164 1138 1235 Sto-

71 1260 141 1334 haei
153 1275 189 1335 et
200 1263 366 1361 Diogenis
380 1265 570 1336 auctoritas
582 1261 774 1338 elevatur:
791 1265 908 1362 potins
924 1267 1009 1338 inde
1021 1269 1139 1370 colligi

70 1381 189 1466 potest,
214 1371 418 1444 communia
442 1370 754 1468 Xenophanihaec
777 1370 906 1468 placita
933 1374 1139 1449 fuissecum

70 1475 138 1546 aliis
161 1489 324 1552 veterum
349 1479 521 1576 aquibus
541 1479 666 1552 eadem
690 1477 748 1554 vel
764 1480 911 1554 inventa
937 1497 1052 1553 essent
1082 1483 1140 1558 vel

70 1581 267 1681 diligentius
294 1583 470 1682 explicita.
512 1586 656 1656 Etenim
701 1587 863 1683 quamvis
900 1587 1139 1686 Xenophanes

69 1714 134 1759 non
163 1691 405 1782 nominetur,
434 1693 508 1788 ipsa
539 1703 658 1763 tamen
688 1691 776 1764 haec
801 1691 929 1788 placita
956 1694 1041 1766 olirn
1065 1700 1141 1790 jam

70 1795 155 1868 inter
184 1795 304 1868 doctos
334 1799 529 1869 innotuisse
550 1809 695 1868 constat.
723 1797 908 1890 Primum,
935 1803 1031 1896 quod
1069 1803 1141 1877 hu-

70 1927 212 1976 morese
237 1905 327 1974 mari
347 1929 490 1976 sursum
515 1902 671 1975 sublatos
694 1902 817 1974 dulces
836 1929 909 1977 esse
922 1921 1028 2002 propt
1089 1921 1141 1985 te-

70 2012 239 2082 nuitatem
269 2011 382 2103 dixit,
410 2011 507 2084 idem
541 2037 614 2084 non
642 2009 746 2081 modo
780 2022 898 2106 postea
932 2012 994 2082 A·
1031 2015 1138 2108 oteli,

68 2115 121 2189 sed
136 2116 284 2216 Diogeni
301 2119 410 2190 etiam
420 2115 695 2214 Apolloniatae,
715 2117 780 2214 qui
795 2129 911 2190 aetate
922 2117 1141 2218 Xenophani

67 2223 243 2318 proximus
282 2236 380 2312 erat,
408 2221 603 2320 placuisse,
639 2222 885 2320 Theophrasti,
912 2237 955 2296 ut
983 2228 1141 2320 videtur,

9 2355 10 2368 ³
68 2330 260 2401 testimonio
293 2277 411 2427 prodit
439 2328 644 2401 Alexander
669 2329 910 2426 Aphrodisius.
946 2331 1145 2409 Aristotelis

66 2431 146 2508 haec
168 2448 256 2508 sunt
284 2435 346 2485 ⁷⁸·
338 2434 511 2526 .ssole,
536 2435 679 2531 inquit,
704 2437 836 2532 quiest
862 2451 1013 2511 naturae
1038 2443 1142 2574 prin-

66 2567 156 2639 ceps,
174 2549 205 2613 τὸ
234 2548 407 2614 luithardo
438 2571 470 2611 τε
498 2575 548 2614 ναι
542 2545 783 2637 γλυκύτατον·
767 2576 801 2612 αν
788 2554 905 2636 adpetat
932 2537 1044 2614 sas'·
1032 2559 1142 2631 εκάςην

66 2660 199 2745 ηρέραν,
229 2657 279 2721 καὶ
309 2661 423 2751 φέρεται
453 2653 664 2784 διακρινόμενον
695 2655 746 2718 καῖ
774 2660 891 2742 ἀτμίζον
925 2661 964 2730 εἰς
999 2659 1045 2722 τὸν
1080 2654 1143 2724 ἅνω

9 2809 11 2850 ,
66 2764 156 2824 τόπον·
191 2765 254 2828 ἐκεῖ
280 2761 311 2829 di
344 2760 431 2829 πάλιν
464 2766 556 2842 coges
590 2759 638 2827 διὰ
673 2765 724 2839 τὴν
759 2760 816 2850 dui}
818 2789 865 2845 ιν,
909 2770 988 2829 xero
1025 2767 1142 2858 φέρεται

66 2867 144 2934 πάλιν
157 2871 226 2960 πρὸς
253 2875 305 2949 τὴν
318 2884 383 2960 γῆν.

107 2969 315 3045 Alexander
342 2981 367 3022 ⁷⁹
396 2969 462 3044 uhi
488 2968 654 3070 Diogenis
684 2967 890 3068 opinionem
920 2963 966 3037 de
999 2967 1090 3038 mari
1121 2991 1141 3039 e

100 3258 166 3341 (77)
187 3259 328 3339 Diogenes
353 3257 384 3317 L
405 3255 466 3330 IX,
486 3267 554 3315 sect.
576 3276 630 3336 19,
651 3253 701 3312 ubi
717 3251 843 3366 pulgo
821 3271 861 3310 src
880 3249 1006 3329 legitur:
1023 3247 1089 3310 ονὲν
1080 3249 1144 3330 ’νέφη

65 3349 309 3428 romeis&
331 3346 405 3416 η’λῖον
425 3345 603 3425 ον’τῖοοὶμὸον
573 3361 698 3421 coepe
699 3341 825 3423 elaipsv
820 3341 968 3408 ὀοήςοονοο
951 3365 1011 3400 t
1037 3369 1065 3401 ο·
1088 3368 1143 3419 aa,

65 3458 129 3516 quae
152 3438 320 3519 corrigenda
341 3440 509 3521 putavimus.
528 3438 681 3516 Diogenem
707 3435 853 3514 exscripsit
871 3430 1028 3512 Hesychius
1048 3429 1141 3490 Miles.
1233 3439 1235 3442 '

64 3551 88 3628 p
109 3535 160 3592 31.
182 3531 260 3590 Haec
278 3543 370 3590 autem
393 3531 531 3590 sententia
549 3549 606 3589 non
627 3541 669 3588 est
695 3525 835 3587 contraria
855 3523 1011 3603 superiori,
1032 3541 1085 3600 qua
1103 3522 1145 3582 sol

64 3620 118 3700 ipse
138 3619 248 3680 dicitur
267 3619 450 3681 candentibus
468 3619 572 3679 nubilis
594 3629 751 3678 concretus.
771 3615 816 3673 lbi
834 3611 929 3672 nubila
951 3610 1145 3689 intelliguhtur

64 3730 180 3792 vapores
198 3709 328 3771 ardentes
349 3724 377 3771 et
397 3711 556 3792 conglobati
572 3708 703 3791 igniculi,
723 3706 769 3765 hic
786 3715 878 3762 autem
897 3700 994 3762 nubila
1013 3699 1146 3761 dicuntur

64 3797 193 3876 humida,
214 3820 285 3879 quae
304 3801 377 3882 ignis
395 3799 506 3862 fervore
525 3798 681 3860 educuntur
699 3807 727 3856 et
742 3795 891 3854 siccantur.

102 3933 173 4017 (78)
194 3935 316 3994 Meteon
337 3935 384 4012 ll,
404 3955 433 3994 a.
453 3933 488 3993 T.
510 3933 543 4009 l,
565 3953 594 4015 p,
617 3931 676 4014 427
700 3931 733 3990 F,

102 4059 170 4144 (79)
190 4059 226 4120 1¹¹
245 4059 362 4120 Aristot.
381 4055 528 4119 Meteorol.
550 4055 597 4130 11,
616 4055 639 4114 f.
660 4073 697 4137 9¹
719 4053 755 4114 Δ,-
