2870 4824
458 339 531 382 vrrs
555 340 593 382 ur
617 339 739 382 orooro.
1093 323 1139 388 23

75 501 245 580 nemorat3
267 489 420 587 ipsaque
437 491 594 562 carmina
613 518 632 564 a
649 491 831 566 veteribus
848 493 1047 592 generatim
1063 520 1141 590 τρα-

74 601 157 690 ῃιδάις
180 597 386 669 nominatas
412 621 511 690 esse,
540 597 625 672 licet
651 625 785 672 nomen
807 600 922 673 serius
946 599 1140 675 inventum

73 706 126 795 sit,
174 705 328 802 antiqua
368 717 603 778 monumenta
646 705 800 804 probant
836 704 873 778 ⁴³.
911 705 1005 780 Hine
1041 704 1140 805 quod

73 813 157 884 etiam
191 810 351 884 aliorum
392 817 581 910 poctarum
619 815 819 912 tragoediae
857 827 1139 904 memorantur,

72 916 268 1008 Simonidis,
312 917 480 1010 Pindari,
535 919 780 1018 Empedoclis,
824 921 889 1019 qui
929 933 1050 994 tamen
1098 921 1139 993 in

71 1023 246 1096 dometicis
274 1025 390 1122 poetis
423 1050 497 1096 non
519 1039 714 1100 censentur
732 1027 768 1098 ⁴⁸.
787 1027 914 1121 Quum
937 1027 1049 1125 igitur
1068 1027 1137 1100 Xe·

70 1130 229 1228 nopbaues
255 1133 463 1228 τραγῳδσποιὸς
488 1132 652 1224 dicatur,
679 1133 763 1208 talia
792 1132 1024 1232 intelligenda
1052 1145 1139 1204 sunt

70 1237 224 1328 carmina,
253 1261 352 1335 quae
380 1239 418 1308 in
444 1239 549 1310 sacris
567 1238 713 1337 publice
735 1253 974 1332 canerentur,
1002 1238 1170 1338 quibus,

70 1343 289 1416 malleorum
310 1344 575 1444 hominumque
603 1345 661 1420 vel
689 1347 780 1420 serio
805 1357 974 1420 tractaret
1003 1344 1061 1421 vel
1083 1347 1136 1439 jo·

69 1473 126 1521 oose
146 1448 305 1522 luderet.
334 1449 440 1543 Quod
471 1457 613 1548 poe'seos
641 1455 756 1552 genus
781 1453 827 1524 ab
854 1451 917 1524 illo
944 1463 1138 1524 tractatum

70 1579 122 1628 eae
140 1581 182 1628 eo
206 1556 323 1655 magis
343 1555 528 1654 probabile
551 1569 605 1630 est
611 1611 626 1646 ,
648 1559 745 1658 quod
764 1558 900 1650 Siculi,
929 1558 1028 1656 apud
1047 1581 1137 1655 quos

69 1663 236 1759 praecipue
256 1674 421 1736 versatus
443 1676 513 1755 est,
534 1689 576 1736 eo
594 1667 837 1764 maximopere
857 1663 1024 1738 delectati
1040 1666 1134 1754 sint,

70 1769 142 1842 unde
162 1769 371 1842 comoediae
399 1770 497 1869 origo
522 1770 567 1844 ab
595 1771 650 1844 bis
675 1771 872 1869 repetenda
897 1783 950 1844 est
974 1769 1010 1842 ⁴⁹.
1036 1769 1135 1863 Quid

69 1875 159 1948 roro?
179 1876 312 1950 eadem
336 1881 523 1970 carmina,
553 1903 670 1976 quum
698 1879 858 1952 iambicis
884 1879 1045 1950 numeris
1072 1903 1134 1976 po·

68 1983 215 2056 tisinum
237 1984 434 2080 composita
456 1997 597 2075 essent,
612 1984 657 2057 ab
681 1983 759 2057 aliis
773 1986 969 2058 iamborum
986 1985 1135 2056 nomine

66 2089 226 2186 significari
243 2101 468 2186 potuerunt5
491 2115 612 2187 neque
634 2089 867 2188 improbabile
883 2089 1043 2180 videtur,
1061 2118 1134 2186 τρα-

66 2199 148 2290 ῃδιὰς
171 2209 207 2270 et
233 2198 383 2290 ἱάμβως,
408 2221 499 2296 quos
530 2198 705 2297 Diogenes
738 2209 936 2288 memorat,
973 2209 1133 2294 utraque

67 2302 97 2374 ad
116 2303 205 2376 idem
234 2327 355 2402 genus
384 2304 577 2400 pertinere.

98 2413 225 2500 Σίλλοι,
247 2410 456 2482 carminum
476 2435 591 2508 genus
611 2409 794 2508 quoddam
816 2409 981 2500 mordax,
1012 2410 1133 2484 convi-

65 2515 189 2609 ciorum,
203 2517 250 2590 ad
267 2515 468 2590 irridendos
487 2517 664 2608 homines,
678 2517 872 2616 praecipue
891 2517 936 2590 ad
947 2517 1133 2614 increpan-

64 2621 125 2694 dam
140 2625 331 2698 doctorum
355 2625 594 2724 arrogantiam
618 2625 856 2722 compositum
872 2621 896 2660 ⁵⁰
915 2650 924 2695 ι
943 2621 1011 2696 boc
1029 2635 1131 2698 vete-

65 2751 125 2801 ronr
135 2728 307 2804 nonnulli
317 2727 530 2829 Xenophani
541 2729 759 2822 attribuunt,
772 2730 980 2827 praesertim
993 2729 1132 2822 Strabo,

66 2859 148 2934 aquo
161 2839 261 2910 inter
277 2861 352 2929 eos,
369 2839 434 2937 qui
450 2835 695 2935 Colophonem
711 2836 866 2909 maxime
884 2834 1134 2932 illustrarunt,

66 2947 185 3038 ponitur
205 2948 398 3045 Ξενοφάνηςὸ
415 2951 570 3044 φυσικὸς,ὸ
589 2949 650 3024 τοὺς
674 2947 840 3026 σίλλους
864 2954 983 3025 ποιήσας
997 2947 1046 3016 διὰ
1060 2975 1138 3028 ποιη-

69 3156 304 3302 1(iplllerodot.
327 3159 364 3218 V.
390 3155 441 3240 67.
466 3157 599 3234 Boseth,
626 3155 906 3238 Staatsbausbaltung
933 3155 963 3217 d.
985 3156 1130 3236 Athener,

83 3249 144 3413 (dil)
156 3247 534 3420 ΡΙιᾷῗξιῖιΐιόδΊζναὲνοε(Ιίαιη
550 3335 604 3397 boc
619 3355 706 3416 genus
733 3336 859 3395 nominat
882 3335 926 3396 cl..
942 3335 1129 3414 Welckerus‚

66 3424 122 3506 ojus
146 3428 334 3509 praecipuum
368 3438 511 3485 auctorem
543 3427 687 3485 existimat
715 3424 905 3484 Stesichorum
934 3425 1130 3484 Himerensern

65 3513 146 3590 luisse,
170 3531 232 3578 turn
260 3515 484 3598 Xenophanem,
509 3527 538 3574 et
563 3528 704 3588 caeteros,
730 3533 799 3592 quos
821 3515 1036 3576 nominavimus.
1060 3512 1129 3574 Vid.

66 3599 214 3666 labrbiicber
237 3605 284 3666 fur
309 3605 461 3686 Philologie
491 3601 552 3664 und
574 3603 768 3684 Paedagogik‚
792 3601 835 3664 ed.
859 3603 943 3664 Jahn.
973 3605 1014 3682 (a.
1032 3601 1129 3684 1829)

66 3689 367 3866 Illql’vlil.¹lilstot.
387 3781 422 3844 de
440 3785 507 3845 Arte
527 3787 602 3865 poet.
621 3803 645 3842 c.
661 3783 697 3842 V.
719 3783 761 3842 De
772 3781 927 3842 iamborum
944 3801 996 3841 usu
1010 3782 1130 3850 Aristot.
1158 3773 1163 3782 ’

66 3867 119 3931 ibid.
132 3895 155 3934 e.
173 3877 226 3938 lv.
245 3876 381 3936 Horatius
402 3872 437 3934 de
455 3877 524 3934 Arte
542 3877 623 3954 poet.
636 3891 679 3934 vs.
701 3869 752 3931 80.

94 3963 147 4044 (50)
166 3965 283 4026 Photius
299 3967 328 4026 in
347 3963 480 4026 biblioth.
502 3985 532 4045 p.
547 3962 618 4046 987.
645 3959 767 4044 Hesyob.
786 3960 820 4020 T.
838 3959 886 4040 11,
907 3981 931 4022 c.
963 3959 1049 4044 1187.
1068 3961 1101 4024 M
1117 3995 1130 4009 ·

67 4055 145 4132 mgios
162 4055 198 4117 ad
216 4058 336 4138 Diogen.
356 4057 448 4117 Lairt.
467 4055 528 4132 lx,
554 4075 620 4116 rrr.
