2942 4830
675 361 725 408 DE
747 359 964 410 rmum

476 529 560 603 rata
582 530 704 626 μῆτερ,
727 529 859 604 'Enim
883 525 920 603 lt
942 531 975 600 ο*
999 530 1030 602 ol
1051 529 1152 623 σίφοι

430 649 556 749 βροτᾶν
579 659 754 742 καλοῦσιν,
778 651 890 746 eptam
913 647 947 732 ,ἓν
971 647 1068 748 αἰθέρι
1087 654 1142 724 ⁸⁹.

187 827 191 836 -
282 777 331 848 At
361 773 419 856 illa
453 775 630 864 Daemon,
658 798 752 872 quae
775 772 911 848 divema
934 773 1133 863 elementa,
1155 787 1289 848 terram
1312 789 1348 849 et

283 895 419 994 ignem,
436 895 581 967 miscuit
604 906 639 967 et
663 897 891 988 consociavit,
908 895 982 994 ipsa
1005 893 1161 993 prolecto
1182 919 1248 968 nec
1264 909 1356 970 terra

283 1037 353 1088 nec
375 1013 467 1115 ignis
490 1013 611 1086 haberi
635 1029 760 1112 potest.
788 1017 907 1114 Atque
931 1013 1017 1088 huic
1040 1015 1198 1112 opinioni
1223 1041 1359 1114 repug-

242 1131 244 1134 ’
282 1153 347 1212 nat
371 1136 613 1211 testimonium
639 1135 795 1230 Stobaei,
823 1137 887 1237 qui
923 1135 1141 1210 Parmenidis
1176 1136 1359 1210 mnndum

282 1255 484 1332 describens
507 1253 626 1350 dooet,
660 1257 804 1332 Numen
830 1255 919 1330 illud
943 1255 1054 1330 abeo
1077 1259 1161 1359 fingi
1185 1271 1359 1360 tanquam

283 1403 471 1469 coronam,
506 1379 689 1451 mediam
719 1379 836 1452 inter
870 1378 1021 1452 mixtas
1050 1377 1274 1475 collocatam
1299 1385 1359 1456 τᾶν

211 1543 216 1551 ·
284 1504 462 1600 mmo
487 1501 543 1592 alp
566 1499 774 1597 paemene
789 1511 850 1575 ⁹⁰.
891 1501 995 1592 Quae
1015 1499 1115 1574 sedeo
1127 1503 1261 1601 optime
1277 1527 1360 1578 sane

283 1623 450 1700 convenit
480 1623 651 1696 Daemoni
679 1621 750 1714 illi,
785 1647 880 1722 quae
912 1636 956 1696 ut
990 1623 1162 1696 contraria
1182 1623 1360 1699 elementa

284 1747 378 1820 inter
398 1771 436 1820 ae
455 1745 631 1837 conciliat,
644 1747 694 1818 sic
714 1743 874 1818 medium
895 1771 1042 1846 qnoque
1063 1747 1157 1817 inter
1174 1769 1217 1816 ea
1240 1744 1360 1820 locum

283 1866 444 1942 obtinere
465 1866 584 1943 debet.
633 1868 818 1940 Praeterea
841 1865 907 1940 hac
921 1867 959 1938 in
982 1891 1022 1939 re
1042 1864 1181 1941 Stobaei
1201 1869 1361 1942 auctori-

284 2004 338 2063 taa
357 1989 503 2092 reliquie
519 1987 767 2088 anteponenda
786 1985 940 2062 videtur.
966 1987 1135 2062 Stobaeus
1152 1989 1249 2064 enim
1270 1989 1359 2062 Pan-

282 2109 486 2184 menideam
505 2108 634 2183 mundi
655 2108 925 2206 descriptionem
945 2135 1089 2184 omnem
1109 2109 1233 2185 online
1252 2135 1360 2210 expo-

284 2233 364 2326 nit3
386 2231 585 2332 Simplicius
607 2257 682 2304 rem
706 2255 782 2304 non
805 2231 872 2303 nisi
896 2232 1042 2304 strictim
1064 2233 1222 2332 attingit3
1244 2235 1359 2334 eclip-

284 2353 351 2426 toai
377 2368 500 2427 autem
524 2352 861 2453 Theologumenon,
884 2352 1112 2454 Pythagorico
1138 2355 1295 2449 homiui,
1314 2355 1357 2429 ad

283 2473 538 2575 Pythagoream
572 2473 790 2574 disciplinam
827 2478 945 2548 omnia
986 2475 1284 2573 accommodanti,
1321 2479 1359 2552 in

283 2593 551 2692 interpretando
577 2622 650 2670 non
671 2596 829 2670 multum
856 2595 938 2670 fidei
958 2611 1072 2697 potest
1093 2597 1225 2672 haberi.
1285 2599 1359 2676 Te-

283 2738 437 2788 neamus
456 2741 550 2815 ergo,
563 2715 720 2791 habitare
741 2718 835 2792 hanc
845 2719 954 2792 Deam
973 2720 1128 2794 mediam
1139 2723 1234 2796 inter
1243 2721 1359 2823 globos

283 2833 467 2928 coelestes,
485 2829 631 2934 paribus
651 2840 844 2914 intervallis
861 2868 880 2914 a
898 2839 1027 2915 mnndi
1047 2857 1170 2917 centro
1190 2858 1227 2917 et
1246 2847 1358 2920 circn-
1463 2817 1464 2910 l

283 2958 340 3028 itu
362 2954 568 3048 distantem,
594 2958 693 3035 unde
715 2961 788 3060 ipsa
810 2959 934 3062 globus
956 2975 1090 3036 eeteros
1112 2963 1247 3063 globos,
1271 2993 1359 3068 quoa

283 3077 370 3150 item
394 3079 484 3152 Deos
505 3080 649 3192 linxisse
676 3082 839 3182 videtur,
872 3111 937 3160 auo
960 3085 1114 3161 numine
1141 3089 1306 3165 conciliat
1326 3105 1360 3166 et
1414 3139 1419 3152 ·

284 3197 488 3274 modemtur
512 3203 526 3300 (
548 3202 573 3300 ).

318 3415 375 3482 (⁸9)
410 3416 448 3467 Cf·
465 3419 579 3472 Macron
597 3421 700 3475 Satanan.
718 3427 746 3487 l,
766 3424 804 3479 al.

315 3507 375 3573 oo>
411 3505 465 3557 vu.
485 3525 564 3577 wara
584 3527 611 3561 n·
631 3511 671 3563 ⁶⁶·

314 3597 354 3663 (³)
386 3597 424 3648 Ea
438 3595 489 3648 hoc
500 3598 544 3650 vel
561 3600 1011 3663 aimiliacterumeommcntoflnxit
1024 3611 1145 3670 lortaaae.
1161 3614 1359 3680 utmnltaalla,
1463 3627 1464 3690 l

282 3680 346 3735 laaee
364 3683 555 3739 Platonicorum
573 3691 677 3759 opinio,
699 3693 760 3746 inde
777 3712 793 3746 a
810 3695 916 3752 Phtone
935 3703 1063 3771 (Epinom.
1076 3721 1101 3772 9.
1112 3720 1139 3772 p.
1149 3705 1221 3774 9⁸5.)
1233 3707 1360 3775 repetita,

280 3788 359 3841 quam
377 3773 501 3842 Apulejna
521 3775 554 3830 de
572 3779 627 3832 Deo
647 3783 745 3835 socrat.
762 3785 804 3848 11,
822 3802 848 3855 p
871 3787 916 3841 133
936 3791 1053 3844 θυάωά
1066 3793 1106 3844 hia
1119 3793 1206 3856 verbi·
1217 3804 1361 3849 memorat:
1463 3797 1464 3800 ’

281 3858 373 3913 neunt
399 3865 526 3932 quaedam
551 3867 652 3922 divinae
678 3873 779 3927 mediae
794 3875 934 3944 pot'eatatea
950 3879 1130 3949 (daemona),
1145 3883 1217 3938 inter
1233 3903 1360 3940 anmmam

282 3947 413 4003 neuen
444 3964 471 4008 et
499 3957 599 4010 infima·
630 3971 712 4014 tearaa
733 3966 760 4016 in
780 3967 829 4018 lato
849 3967 981 4021 intcaaltae
1002 3971 1071 4024 acaia
1097 3973 1198 4042 apatio.
1226 3991 1276 4044 pe
1296 3993 1359 4047 quat

280 4052 294 4080 ¹
304 4035 430 4094 daldun
441 4055 529 4099 noatra
539 4055 567 4100 et
578 4050 668 4103 muita
680 4056 714 4105 ad
723 4053 790 4110 lleoa
800 4057 973 4111 commeant?
1000 4059 1038 4113 (ll
1052 4065 1106 4114 lat.
1119 4062 1254 4120 Animula.
1265 4085 1291 4138 p.
1303 4067 1359 4120 Gna.
