2870 4824
448 379 522 422 vrrs
547 378 585 420 sa
609 379 731 420 srunu.
1092 361 1130 420 11

59 493 187 626 juvenis
208 533 285 625 jam
309 527 462 628 reliquit
481 531 651 628 patriam,
672 555 747 602 non
764 543 838 604 tam
861 556 926 602 sua
946 528 1134 606 voluntate

59 663 155 738 quam
179 634 416 734 publicarum
440 662 565 711 rerum
581 637 800 730 rationibus,
822 650 865 710 ut
881 637 1041 730 videtur,
1059 637 1134 710 imss·

59 743 173 844 pulsus
206 753 243 815 ¹⁷.
281 744 373 814 Nam
406 769 491 818 oum
522 742 756 818 adolescentia
781 746 860 839 ejus
883 744 922 816 io
943 770 986 818 ea
1008 769 1135 818 rerum
1193 773 1197 781 ’

59 865 208 948 tempora
234 849 443 942 incidisset,
473 850 611 949 quibus·
629 849 826 951 pleraeque
851 853 983 924 Ionum
1005 851 1136 926 civita·-

58 971 121 1052 tes,
137 985 178 1030 ac
203 959 418 1056 praesertim
442 957 676 1057 Colophonii,
699 973 773 1032 tam
792 959 1003 1033 divitiarum
1018 957 1135 1032 luxu·-

4 1117 5 1120 =
56 1069 99 1138 ria
113 1091 225 1165 quam
248 1065 431 1165 Lydorum
453 1067 717 1142 consuetudine
737 1069 839 1140 fracti
858 1080 896 1141 et
916 1069 1097 1164 corrupti,
1115 1092 1136 1138 a

57 1181 229 1270 majorum
247 1177 384 1252 virtute
404 1187 442 1248 et
459 1175 646 1274 disciplina
669 1203 814 1274 prorsus
836 1177 1136 1276 degenerassent,

57 1307 119 1354 non
140 1283 299 1374 mirum,
319 1281 578 1381 Xenophanem
589 1285 746 1380 perditos
760 1285 895 1362 civium
911 1308 1031 1357 mores
1046 1307 1137 1356 exo-

57 1414 127 1460 sum
149 1387 211 1464 vel
236 1403 363 1488 sponte
390 1415 454 1463 sua
491 1388 550 1466 vel
573 1391 781 1490 principum
810 1391 946 1468 invidia
972 1401 1138 1463 eoactum

18 1549 20 1552 -
57 1497 241 1572 discessisse
267 1498 301 1570 ¹⁸.
320 1499 477 1592 JDeinde
510 1525 659 1600 peregre
678 1501 860 1599 profectus
891 1525 966 1574 non
996 1511 1138 1572 certum

59 1605 213 1680 habuisse
240 1605 386 1680 videtur
405 1609 500 1684 vitae
526 1608 772 1701 domicilium,
799 1607 861 1684 sed
889 1609 992 1683 variis
1015 1603 1138 1678 Grae-

59 1716 121 1787 ciae
141 1715 355 1788 civitatibus
371 1713 630 1816 perlustrandis
648 1718 843 1790 maximam
858 1717 982 1790 aetatis
996 1725 1139 1813 partem

62 1823 269 1920 transegisse.
298 1822 384 1894 Erat
403 1835 526 1896 autem
546 1829 690 1919 poeseos
713 1823 832 1896 studio
850 1824 994 1896 deditus
1010 1835 1048 1893 et
1064 1845 1139 1892 non

59 1940 191 2001 tantum
225 1928 409 2004 factitabat
431 1930 608 2020 earmina,
633 1929 712 2020 sed,
741 1942 785 2001 ut
810 1928 880 2002 illis
914 1925 1140 2024 temporibus

57 2061 122 2108 noa
147 2048 252 2126 erat,
283 2037 359 2133 ipse
385 2035 644 2136 rhapsodorum
668 2035 774 2108 modo
798 2061 839 2110 ea
867 2034 1014 2134 publice
1041 2033 1139 2106 reoi-

57 2141 169 2234 tabat,
196 2154 243 2216 ut
268 2142 442 2241 Diogenes
468 2143 628 2218 La'e'rtius
651 2143 740 2216 dicit
765 2172 774 2218 ε
811 2147 892 2224 αὐτὸς
915 2136 1080 2242 έρῥαφκρδει
1102 2143 1141 2212 τὰ

57 2258 144 2320 ἐκπώ
179 2259 215 2320 ¹⁹.
258 2249 328 2324 Cui
354 2250 472 2322 studio
494 2275 612 2348 quum
641 2251 740 2350 apud
757 2249 935 2342 Graecos,
962 2248 1024 2322 illa
1040 2273 1140 2346 prae

56 2357 171 2428 sertim
194 2368 336 2449 aetate,
358 2381 478 2455 neque
496 2357 608 2430 honos
629 2383 751 2456 neque
772 2359 931 2456 praemia
955 2357 1137 2448 deessent,

56 2461 309 2560 Xenophanem
336 2463 403 2535 hac
431 2463 602 2538 facultate
626 2477 663 2538 et
692 2466 830 2544 rictum
853 2477 890 2539 et
912 2465 1045 2540 famam
1070 2461 1139 2534 sibi

58 2593 189 2666 parasse
203 2570 390 2668 probabile
405 2585 468 2646 est.
485 2574 530 2646 In
545 2572 679 2670 quihus
696 2586 820 2648 autem
835 2572 1042 2646 civitatibus
1056 2571 1141 2644 fue·

57 2680 99 2748 rit
123 2692 311 2772 versatus,
335 2705 408 2752 non
436 2678 543 2778 plane
573 2681 758 2777 proditum
777 2693 841 2754 est.
859 2681 1034 2779 Diogenes
1062 2706 1141 2754 me-

58 2799 167 2858 morat
207 2811 295 2860 eum
318 2784 471 2860 Zanclae
495 2799 533 2860 et
552 2786 728 2879 Catenae,
753 2813 847 2886 quae
876 2801 980 2861 erant
1002 2788 1142 2860 'Ionum

59 2894 92 2964 in
116 2893 238 2966 Sicilia
264 2893 447 2986 coloniae,
472 2921 547 2968 esse
574 2909 846 2968 commoratum.
872 2896 910 2966 Si
937 2894 1142 2968 nonnullo-

62 3023 137 3072 mm
163 3001 280 3076 famae
309 3001 532 3076 credendum
560 3003 633 3095 sit,
660 3004 770 3076 etiam
795 3002 948 3075 Athenis
974 3001 1141 3077 videatur

96 3249 158 3332 (17)
178 3249 301 3330 Diogen.
322 3248 414 3310 Laert.
435 3249 480 3310 IX
489 3296 498 3327 ,
518 3248 564 3311 18.
582 3244 657 3314 airas
675 3247 794 3314 iaxta-dr
812 3261 863 3320 τῆς
877 3249 1016 3334 sarpidus
1031 3282 1058 3313 e.
1072 3281 1099 3314 τ.
1113 3271 1143 3314 λ.

70 3340 172 3399 terbum
196 3338 337 3402 ιἰπίπειι
358 3339 394 3400 de
408 3343 499 3422 fugd
518 3353 566 3400 aut
585 3341 621 3402 de
641 3345 746 3402 exsilio
767 3342 824 3402 dici
844 3343 924 3404 solet.

65 3427 159 3576 htrss)
181 3429 419 3583 ffliphmmm
455 3431 594 3492 luxuriam
625 3443 653 3492 et
680 3431 827 3494 libidinem
859 3445 940 3494 notat
970 3437 1001 3494 iu
1031 3433 1143 3513 Elegiae

87 3541 157 3600 agna.
250 3567 257 3580 .

99 3621 162 3703 (19)
181 3620 275 3682 Wolf.
297 3619 402 3700 proleg.
425 3618 462 3680 ad
483 3619 636 3682 Homerum
665 3644 696 3706 p.
720 3622 863 3700 XCVIII,
886 3624 922 3686 de
941 3624 1146 3706 rhapsodorum

64 3721 118 3769 arte
136 3711 229 3772 dicit:
255 3735 271 3768 a
286 3713 342 3772 fuit
362 3710 411 3774 diu
431 3710 498 3772 haec
516 3715 600 3776 unica
618 3719 664 3779 via
684 3715 795 3798 publice
813 3715 953 3798 prodendi
971 3717 1096 3796 ingenii,
1112 3727 1145 3776 nt

64 3801 141 3861 aiam
165 3800 375 3884 Xenophanem
408 3807 538 3885 poemata
561 3825 612 3866 sua
634 3807 727 3888 ipsum
747 3805 922 3888 ῥιψυδιῖηι
950 3804 1091 3886 legamus,
1125 3829 1142 3866 u

64 3887 133 3970 apud
143 3891 301 3974 Diogenem
324 3890 358 3952 L.
377 3891 442 3971 IX',
465 3893 519 3975 183
539 3916 622 3976 quem
638 3895 747 3972 locum,
769 3908 800 3956 ut
822 3907 958 3971 annotat,
979 3897 1095 3958 Rossius
1111 3897 1145 3959 in
1231 3941 1233 3944 ψ

63 3979 211 4042 Commeat.
224 3983 324 4044 baert.
345 4003 402 4044 uon
423 3983 521 4046 melius
541 3986 651 4070 accepit
661 4031 671 4066 ,
689 4005 772 4066 quam
789 3985 952 4048 Fenertinus
971 3987 1001 4046 in
1016 3986 1092 4048 Diss.
1108 3984 1145 4048 de

62 4068 247 4158 Xenophane,
269 4094 300 4155 p.
323 4093 372 4134 21.
600 4097 604 4106 ·
