2942 4830
312 423 374 486 260
703 441 750 486 nn
775 439 989 488 rinunumrs

360 604 415 676 Sic
441 603 549 700 igitur
571 603 675 676 homo
703 619 801 680 ortus
826 621 900 698 est,
927 605 1049 679 iisdem
1072 617 1289 704 temperatus
1307 609 1382 682 ete»

313 723 456 817 mentis,
486 721 618 832 quihus
648 738 742 798 totus
768 725 927 802 mundus
959 740 1103 800 constat.
1150 727 1193 798 ln
1224 725 1379 800 humana

313 857 433 916 autem
454 857 581 918 natura
610 845 858 922 consideranda
886 849 1076 948 praecipue
1097 849 1256 922 cernitur
1276 851 1380 922 sexta

311 963 519 1058 discrimen,
549 964 651 1066 cujus
683 967 735 1040 rei
766 971 936 1044 rationem
960 983 995 1042 et
1014 995 1172 1044 caussam
1195 968 1289 1042 hanc
1310 995 1382 1042 esse
1450 1039 1454 1046 .

313 1083 435 1158 voluit.
487 1067 639 1161 Marium
664 1103 700 1162 ct
723 1089 941 1164 feminarum
959 1090 1146 1164 discrimen
1163 1117 1272 1165 omne
1292 1105 1383 1168 retu·

310 1206 351 1280 lit
371 1205 414 1278 ad
438 1206 611 1284 diversam
632 1211 823 1310 utriusque
845 1215 952 1284 sessu
971 1213 1195 1309 temperiem,
1217 1237 1292 1308 qua
1312 1225 1383 1283 tam

310 1329 419 1402 animi
436 1355 546 1430 quam
565 1333 718 1432 corporis
733 1330 971 1407 diversitatem
982 1329 1070 1404 effici
1083 1330 1204 1405 voluit.
1257 1331 1381 1406 Femi-

309 1477 372 1526 nas
393 1449 539 1552 quidem
561 1466 689 1526 natura
713 1451 891 1526 calidiores
911 1477 1008 1545 esse,
1032 1477 1147 1525 mares
1165 1465 1287 1524 contra
1316 1452 1382 1524 fri·

309 1571 477 1672 gidiores3
497 1571 558 1646 hos
580 1573 766 1664 crassiore,
794 1571 869 1646 illas
890 1573 1054 1670 tenuiore
1063 1571 1244 1672 temperie.
1297 1571 1380 1643 Pla-

309 1695 420 1768 citum
444 1693 510 1766 lroc
532 1694 643 1767 refert
661 1693 862 1768 Aristoteles
878 1705 955 1787 ¹¹²3
973 1719 1192 1794 quamquam
1211 1695 1273 1768 vix
1304 1693 1382 1765 satis

308 1839 507 1916 congruum
540 1813 684 1889 ridetur
711 1815 931 1890 Parmenidis
959 1815 1103 1888 rationi:
1144 1839 1227 1886 nam
1263 1839 1378 1912 quum

307 1935 380 2010 duo
398 1938 483 2028 ista,
507 1937 662 2012 calidum
684 1951 720 2011 et
746 1937 936 2036 frigidum,
952 1938 1008 2010 'ita
1035 1935 1128 2009 inter
1146 1961 1184 2009 se
1199 1933 1380 2022 differant,

307 2072 349 2132 ut
376 2058 528 2134 alterum
551 2061 595 2132 sit
618 2057 812 2152 efficacius,
836 2055 989 2130 alterum
1014 2057 1123 2155 magis
1146 2057 1261 2147 iners,
1292 2079 1379 2127 oon-

307 2193 517 2254 sentaneum
539 2195 646 2272 esset,
661 2179 751 2253 illud
771 2179 943 2268 marium,
960 2175 1027 2249 hoe
1042 2177 1262 2250 seminarum
1275 2179 1380 2274 magis

306 2305 489 2401 proprium
509 2301 648 2392 haberi,
665 2303 757 2375 sicut
774 2298 953 2399 plerisque
969 2297 1120 2399 physicis
1139 2297 1285 2398 placuit.
1315 2299 1378 2372 Sed

307 2421 533 2496 Parmenides
554 2439 597 2497 ut
618 2425 769 2497 feminas
791 2419 969 2494 calidiores
995 2419 1175 2512 crederet,
1198 2417 1317 2492 effecit
1337 2445 1377 2492 err

305 2541 488 2640 sanguinis
504 2543 739 2618 redundantia
756 2568 850 2642 quac
869 2543 1060 2616 menstruis
1073 2531 1131 2634 lit,
1148 2539 1244 2640 quod
1261 2541 1378 2613 caloris

305 2662 453 2758 putabat
473 2663 735 2758 indicium¹¹³;
760 2663 903 2737 fortasse
926 2663 1033 2736 etiam
1050 2687 1071 2736 e
1092 2663 1312 2736 feminarum
1323 2663 1378 2734 in-

305 2780 401 2874 dole,
422 2809 516 2883 quae
536 2799 664 2858 natura
684 2785 755 2858 sint
775 2783 923 2860 leviores
944 2799 980 2859 et
993 2781 1209 2874 mobiliores,
1232 2797 1277 2856 ut
1297 2809 1378 2855 con-

306 2915 359 2974 tra
370 2902 529 2977 duriores
541 2919 576 2978 et
587 2907 767 3004 graviores
779 2907 857 2981 viri.
886 2907 1036 2980 Initium
1045 2917 1166 2978 autem
1179 2920 1215 2978 et
1225 2929 1378 2978 caussam

337 3120 411 3188 (rra)
443 3118 591 3174 tristaretea
612 3123 645 3174 de
671 3123 740 3176 Part.
763 3125 839 3176 anim.
857 3127 898 3180 tt,
919 3139 942 3176 a.
959 3141 985 3194 p.
1004 3122 1053 3186 746
1070 3121 1105 3173 Dr
1124 3121 1192 3174 ἔνιοί
1210 3137 1294 3182 φασιν
1312 3115 1379 3172 circo

307 3211 469 3280 θερμότερα
483 3245 490 3261 .
503 3245 511 3263 .
523 3247 552 3262 ..
575 3217 611 3266 τὰ
629 3211 733 3279 ἄναιμα
752 3218 806 3267 τῶν
826 3215 943 3282 ἐναίμων
962 3217 1009 3266 καί
1026 3217 1062 3266 τὰ
1075 3215 1169 3282 θήλεα
1181 3211 1377 3282 τῶνέῤῥέναι·

307 3297 364 3353 olor
376 3301 557 3374 Παρμενίδης
570 3309 619 3364 τὰς
635 3315 768 3373 γυναῖκας
781 3311 835 3362 adr
850 3313 959 3381 ἀνδρὸν
973 3309 1147 3379 &opponique
1161 3301 1236 3361 εἶναί
1247 3311 1322 3375 φησί,
1336 3309 1379 3356 '⁸⁸⁵

306 3391 397 3463 ἴτεροί
416 3411 504 3460 τινας,
525 3396 559 3458 ὡς
576 3401 624 3452 διὰ
645 3405 700 3469 τὴν,
716 3404 883 3472 θερμότητα
904 3407 952 3456 καί
967 3405 1137 3468 uolumina
1156 3403 1307 3469 μαινομένων
1328 3402 1378 3451 rr'rr

305 3492 476 3552 yrrruaaar'an·
492 3515 527 3532 -
546 3495 581 3542 τὰ
602 3504 747 3560 γυναικεῖα
762 3495 929 3566 appellantur
947 3503 1120 3548 menstrua.
1155 3495 1219 3545 Cum
1229 3493 1376 3544 Parmenide

303 3579 416 3629 concinit
435 3577 489 3632 lere
505 3582 604 3651 Hippo,
619 3601 737 3636 sensenna
757 3604 768 3630 ι
784 3601 816 3638 ex
836 3581 974 3637 seminibus
985 3567 1305 3646 tenuioribusieminaa,e
1316 3581 1375 3634 den·

303 3667 412 3719 rtortbm
429 3685 512 3722 mares
528 3671 609 3724 tterit'
631 3675 762 3727 Genrofim
781 3691 804 3726 c.
819 3675 864 3728 v1.
931 3695 938 3706 ·

332 3757 408 3822 (11³)
442 3759 590 3812 Asirtoteler
608 3760 645 3812 ll.
668 3771 696 3816 ct
712 3763 745 3816 dc
764 3763 857 3818 Gener.
880 3763 960 3815 duim.
979 3764 1025 3820 tv,
1050 3779 1070 3814 r.
1092 3779 1118 3830 p.
1136 3761 1186 3830 849
1203 3765 1238 3823 Β,
1262 3761 1310 3818 ubl
1328 3775 1376 3812 noa

301 3845 432 3898 nominato
454 3855 576 3909 auctoru,
594 3849 663 3900 idem
683 3851 806 3920 placitum
818 3853 915 3918 tangit:
934 3855 1043 3907 οἴονταί
1065 3871 1139 3912 τινες
1161 3855 1194 3903 τὸ
1213 3853 1291 3921 θῆλυ
1308 3857 1376 3920 θαρ-

301 3938 418 4006 μίταροα
436 3931 509 3991 εἶναι
532 3943 583 3992 τοῦ
610 3939 722 4010 ἆῤῥυος
750 3943 798 3994 διὰ
825 3947 878 4010 τὴν
903 3945 958 3996 coir
980 3946 1156 4011 καταμηνίων
1173 3943 1375 4011 stobrum-n·

301 4027 529 4096 ὑπολαμβάνουσα
548 4033 581 4086 di
599 4039 685 4086 τοῦτο
704 4038 837 4101 ymnum
856 4037 889 4086 τὸ
908 4037 1001 4094 πάθας
1017 4032 1057 4088 δι’
1076 4035 1240 4104 ὑπερβολὴν
1261 4031 1376 4098 αἵματος

300 4124 348 4172 καί
366 4123 551 4192 θερμότητος.
586 4125 749 4178 Contrarium
768 4127 815 4196 ipsi
834 4125 962 4180 trtrtotett
982 4125 1075 4196 placet.
