2840 4820
487 375 669 436 armonian.

522 580 640 644 XXIII.

92 767 296 842 Athenaeus
306 767 374 861 xl,
387 767 679 868 p.782‚Caseub.
689 769 704 867 (
711 796 745 868 p.
757 766 827 842 213
838 795 889 868 eq.
902 767 1124 868 Schweigh.)
1154 787 1158 794 '

54 873 105 948 uhi
121 875 304 972 quondam
329 875 439 948 moria
465 875 574 948 fuisse
603 887 741 966 narrat,
765 888 810 949 ut
837 875 998 974 primum
1013 901 1124 974 aqua,

54 981 168 1055 deinde
191 981 321 1054 vinum
350 980 609 1055 infunderetur
634 981 789 1082 poculo,
815 995 946 1057 testem
978 981 1125 1056 adhibet

54 1086 296 1186 Xenophanem
318 1087 358 1159 in
381 1086 449 1161 hoc
471 1112 579 1163 versu
604 1114 612 1160 :

132 1283 195 1354 οὐδὲ
217 1309 269 1352 κεν
290 1290 320 1353 ἐν
345 1283 441 1351 κύλικι
462 1289 597 1379 πρότερον
626 1291 761 1380 κεράσειέ
781 1310 824 1363 τις
844 1280 913 1355 οἶνον

183 1393 293 1483 ἐγχέας
314 1381 377 1458 ἀλλ’
405 1389 505 1486 ὕδωρ,
528 1396 579 1458 καὶ
602 1394 783 1487 καθύπερθε
806 1395 897 1484 μέθυ.

54 1580 273 1658 boonvivali
300 1583 461 1656 carmine
488 1579 577 1657 haec
606 1583 715 1658 ducta
742 1609 816 1657 esse
848 1580 1033 1682 probabile
1063 1597 1126 1658 est.

55 1691 205 1764 Eundem
226 1699 396 1764 veterum
419 1713 558 1762 morem
572 1702 674 1762 notat
694 1689 957 1788 Theophrastus
978 1688 1058 1763 Vol.
1077 1691 1126 1784 V,

55 1823 82 1896 p.
102 1795 188 1895 196,
203 1795 252 1869 ab
272 1795 462 1870 Athenaeo
484 1796 615 1868 citatus
638 1793 809 1870 εἘπείκαῖ
831 1803 868 1869 τὰ
884 1804 952 1894 περὶ
972 1807 1024 1880 τὴν
1048 1815 1128 1894 κρᾶ-

55 1937 88 1976 σιν
105 1907 241 1986 ἐναντίως
264 1901 327 1998 εἶχε
351 1911 383 1975 τὸ
406 1909 530 1978 παλαιὸν
559 1907 603 2002 τῷ
625 1918 672 1976 νῦν
696 1900 765 2003 παρ’
786 1907 932 1988 Ἕλλησιν
954 1913 1125 2002 ὑπάρχῳτι·

56 2018 151 2114 ν’γάρ
175 2022 209 2086 τὸ
229 2016 310 2112 ὕδωρ
329 2016 378 2087 ’ἐπὶ
398 2021 443 2086 τὸν
466 2011 534 2086 οἶνον
555 2021 699 2108 Ιἐπέχεον,
728 2007 792 2086 ἀλλ’
828 2019 872 2086 ἐπὶ
905 2019 937 2083 τὸ
971 2015 1049 2112 ὕδωρ
1082 2021 1128 2086 τὸν

56 2117 116 2194 rho.
133 2127 188 2193 κτλ
212 2121 317 2195 Idem
329 2119 399 2194 alio
421 2119 527 2194 modo
554 2121 727 2220 praecipit
750 2119 925 2194 Hesiodus
935 2119 1000 2218 ἔργ.
1031 2117 1126 2220 596:

136 2327 196 2419 τρὶς
219 2313 250 2391 δ’
260 2319 364 2400 ὕδατος
387 2327 537 2418 προχέειν,
562 2321 647 2390 τὸδὲ
672 2327 806 2418 τέτρατον
828 2327 907 2414 ἱέμεν
931 2327 1008 2390 οἴνου.

95 2549 137 2599 vo.
164 2552 196 2600 2.
214 2533 335 2622 ἐγχέας.
353 2524 456 2596 Unus
472 2521 549 2597 cod.
566 2522 718 2618 ε’γχειίας,
739 2521 840 2596 unde
870 2519 1130 2622 schweighau-

58 2656 137 2706 serno
163 2633 322 2708 correxit
343 2638 457 2725 χεὺας,
484 2641 633 2730 propter
654 2642 825 2704 metrum.
854 2629 1017 2703 Dindorf.
1044 2629 1130 2708 vul-

3 2745 4 2758 ’
59 2753 154 2838 getam
179 2739 376 2815 lectionem
401 2737 579 2830 retinuit3
600 2738 731 2812 merito
757 2765 765 2812 :
790 2749 906 2811 metro
929 2739 1028 2832 enim
1054 2763 1130 2811 non

59 2858 238 2946 repugnat,
256 2844 553 2944 quandoquidem
572 2845 645 2937 χέας
667 2870 733 2943 per
756 2845 932 2944 eynizesin
955 2845 995 2918 in
1016 2870 1131 2919 unam

60 2951 212 3050 syllabam
236 2953 400 3040 contrahi
427 2963 566 3052 potest,
592 2965 636 3024 ut
662 2953 703 3024 in
728 2953 873 3026 Homer.
890 2951 934 3024 Il.
965 2977 1002 3051 p.
1028 2949 1128 3026 366:

144 3127 286 3247 σὺγῑεῇῖ
292 3145 460 3247 Ἀργείων,
486 3155 595 3224 αὐτοῖσι
616 3151 649 3224 δὲ
674 3158 765 3252 ρὺζαν
788 3157 924 3250 ἐνῶρσας.

62 3323 141 3399 licet
156 3327 256 3427 apud
276 3327 477 3402 Ilomernm
493 3335 622 3426 σύγχεας
644 3355 719 3403 non
742 3327 974 3429 participium
1002 3327 1048 3400 ait
1068 3325 1131 3400 sed

62 3435 199 3508 secunda
221 3460 389 3534 persona,
404 3435 442 3509 id
455 3447 578 3512 tamen
605 3437 757 3511 formam
779 3462 853 3510 non
875 3447 1004 3510 mutat.
1022 3433 1132 3508 Plura

63 3584 193 3660 possunt
216 3571 345 3646 similia
368 3569 491 3648 afferri
518 3563 709 3665 exempla,
732 3571 777 3636 ut
801 3545 913 3639 uisa}
931 3585 997 3659 pro
1015 3555 1133 3637 Αἴνειάς

7 3779 8 3782 ¹
63 3669 97 3744 ll·
120 3705 157 3771 ν,
190 3677 277 3772 541.

430 3891 755 3911 m

67 4045 166 4114 mu.
187 4053 231 4114 Ne
247 4051 309 4132 quis
328 4053 360 4113 in
382 4052 483 4136 poculo
502 4053 581 4136 prius
601 4051 745 4114 miscuerit
766 4050 866 4112 vinnm

191 4141 333 4219 inlutum,
355 4143 405 4207 sed
423 4165 522 4226 aquarn
532 4190 542 4222 ,
561 4145 677 4226 insuper
698 4151 791 4204 antem
809 4161 926 4203 merum.
