2840 4820
295 373 341 442 70
747 392 944 436 xnuornarus

293 551 468 645 ἀμφιτιθεῖ,
501 568 566 642 pro
592 542 785 640 appetem,
816 541 883 615 hoc
912 541 1039 640 probat
1066 541 1215 614 omnino
1232 541 1375 616 Baebius

293 653 319 726 l.
347 653 371 726 l.
394 677 544 730 monens
573 652 703 724 formas
731 657 843 739 τιθεῖς,
873 657 955 722 τιθεῖ
972 699 986 740 ,·
1012 657 1111 724 τιθεῖν
1143 676 1217 724 non
1249 651 1376 750 ignotas

293 760 477 836 veteribus
502 759 610 832 fuisse
635 756 805 856 exemplo
831 755 1044 858 Theognidis
1068 784 1118 831 vs.
1142 757 1213 830 282
1235 769 1274 830 et
1294 757 1374 850 286,

292 869 492 966 esequenti
504 878 626 940 autem
640 865 729 944 ἄλλος
742 867 791 954 δὲ,
806 879 890 938 ante
908 863 976 938 hoc
1001 863 1154 938 verbum
1172 863 1278 942 tacite
1296 865 1377 946 ἄλλος

223 988 236 998 ·
291 978 346 1066 μὲν
363 972 612 1072 supplendum
629 997 716 1045 esse.
737 971 784 1042 Et
805 995 891 1043 sane
909 970 998 1044 haec
1020 971 1251 1067 pronomina,
1276 981 1291 1040 ὸ
1313 975 1375 1064 μὲν,

291 1081 380 1162 ἄλλος
407 1085 478 1174 μὲν,
505 1079 693 1152 interdum
722 1078 990 1169 omitti,cumb
1015 1079 1063 1168 tt,
1090 1077 1230 1158 ἅλλοςοῖ
1255 1102 1376 1174 sequa-

291 1199 380 1278 tur,
404 1197 632 1277 notumest3
654 1195 738 1257 tum
759 1197 885 1263 autem
907 1184 964 1276 fit,
982 1210 1068 1257 cnm
1091 1183 1196 1256 nulla
1214 1187 1255 1258 in
1282 1209 1322 1257 eo
1336 1185 1375 1256 sit

292 1294 516 1386 obscuritas,
558 1306 596 1366 et
620 1291 679 1368 vel
702 1293 741 1364 in
770 1293 998 1366 antecedenti
1023 1297 1098 1389 jam
1122 1293 1283 1366 oratione
1304 1318 1375 1391 per-

291 1426 377 1474 sona
408 1403 578 1476 universe
615 1411 811 1472 memorata
844 1401 980 1492 fuerit,
1013 1399 1071 1476 vel
1098 1401 1138 1472 in
1173 1401 1250 1499 ipso
1276 1400 1374 1474 verbo

291 1534 464 1606 personae
487 1508 696 1607 significatio
718 1507 814 1578 insit.
840 1505 1139 1581 Hocautemloco
1154 1506 1282 1580 durior
1296 1507 1374 1578 mihi

291 1615 438 1690 videtur
465 1614 554 1688 haec
580 1612 730 1714 ellipsis,
746 1615 862 1712 potius
877 1615 999 1706 credo,
1024 1613 1225 1712 posthunc
1241 1637 1374 1689 versum

291 1721 467 1795 distichon
479 1721 649 1795 excidisse
667 1721 710 1792 ad
727 1721 825 1818 quod
839 1721 947 1794 verba
961 1720 1264 1818 illa-pertinerent
1280 1745 1374 1818 :quo-

291 1828 385 1900 circa
409 1829 508 1900 omni
539 1827 793 1902 emendatione
808 1827 1120 1926 supersedendum
1142 1839 1245 1924 puto.
1266 1827 1373 1924 InLa-

290 1935 366 2008 tina
381 1946 503 2009 tamen
517 1935 677 2012 versione
690 1935 865 2008 Dindorfii
876 1938 1123 2031 conjecturam
1135 1948 1281 2010 secutus
1291 1958 1371 2006 sum.

340 2093 392 2150 vs.
422 2074 455 2147 5.
479 2075 567 2170 ἄλλῳ
586 2061 615 2146 d‘
636 2072 713 2154 οἶνος.
738 2075 863 2147 Secuti
896 2097 1023 2150 sumus
1050 2073 1244 2147 lectionem
1276 2096 1373 2171 quam

292 2181 395 2256 editt.
430 2180 514 2254 ΑΜ.
543 2181 695 2254 Gasaub.
723 2194 762 2255 et
790 2181 996 2280 Stephanus
1023 2181 1226 2280 praebent,
1255 2203 1372 2281 quam-

292 2313 403 2388 quam
416 2299 601 2386 suspectae
615 2289 699 2362 fidei
715 2301 779 2362 eat.
794 2285 1132 2388 schweighauserus
1144 2286 1293 2386 quidem
1309 2311 1371 2356 non

291 2395 398 2466 aliam
418 2393 580 2468 lectionis
606 2395 815 2468 varietatem
832 2406 934 2466 notat
964 2395 1032 2466 nisi
1056 2394 1154 2492 quod
1181 2393 1256 2467 duo
1282 2391 1369 2464 codd.

290 2527 358 2598 pro
389 2501 478 2599 ἄλλῳ
502 2496 700 2599 praebeant
727 2501 841 2592 ἄλλος,
866 2501 965 2599 quod
993 2500 1123 2597 probat
1148 2501 1253 2598 ipse,
1282 2509 1317 2572 et
1339 2497 1370 2568 in

290 2609 353 2680 Ms.
379 2609 475 2706 Epit.
499 2607 653 2680 addatur
680 2614 758 2700 ἐςίν,
778 2608 979 2707 refragante
994 2619 1118 2680 metro.
1141 2607 1193 2678 At
1208 2603 1371 2703 Schweig-

290 2713 489 2787 hauseram
514 2714 632 2786 inhia
656 2713 896 2812 negligentiae
921 2727 1132 2812 suspectum
1157 2712 1267 2786 habet
1291 2713 1371 2782 Din-

291 2821 387 2913 dorf,
405 2821 445 2892 in
464 2822 574 2920 praef.
596 2821 690 2893 Edit.
706 2847 742 2918 p.
758 2823 820 2893 IV.
842 2834 916 2893 not.
938 2821 1037 2920 quod
1058 2819 1167 2896 verba
1188 2827 1254 2920 φησί
1275 2821 1370 2916 spade-

291 2955 353 2998 σειν
379 2953 452 2998 non
484 2927 632 3000 ecodd.
661 2927 724 3000 sed
750 2953 795 3000 ex
825 2926 908 2999 Ald.
945 2939 1135 3026 propagata
1172 2939 1212 3000 et
1248 2923 1369 2998 Musuri

291 3033 436 3131 ingenio
456 3033 670 3131 interpolata
691 3035 881 3106 existimat.
899 3035 996 3106 Haec
1023 3034 1135 3133 igitur
1155 3031 1219 3106 ille
1249 3031 1368 3117 omisit,

291 3153 328 3214 et
357 3141 598 3238 interpunctis
623 3139 774 3215 lacunae
808 3143 902 3213 noris
934 3167 1081 3214 versum
1098 3143 1147 3212 ita
1165 3137 1367 3238 descripsit:

392 3341 482 3420 ἄλλος
509 3335 537 3413 d'
557 3337 624 3422 οἶνος
649 3341 671 3388 ⁴¹
698 3343 719 3386 ’f
746 3349 805 3428 ἐςίν
830 3341 934 3434 ’ἕτοιμος
954 3342 983 3420 ‘ot
1002 3341 1088 3412 dno

291 3542 336 3612 Iu
359 3539 414 3613 his
439 3563 525 3613 vero
550 3541 644 3613 inest
663 3539 790 3614 nullus
807 3539 1001 3613 verborum
1017 3566 1162 3632 sensus,
1178 3537 1278 3612 nulla
1294 3557 1368 3608 cum

215 3740 218 3746 ἱ
290 3670 343 3748 sq.
370 3673 480 3726 versu
509 3652 696 3724 connexio.
715 3649 897 3745 ¹Quocirca
921 3675 1007 3722 cum
1030 3648 1204 3721 Dindorfii
1230 3643 1367 3742 suspicio

290 3757 400 3830 etiam
423 3779 494 3829 non
523 3757 605 3828 satis
628 3757 766 3830 firmata
796 3755 988 3848 videatur,
1019 3753 1159 3848 malui,
1195 3765 1239 3825 ut
1260 3754 1367 3824 censet

290 3887 438 3961 quoque
462 3863 615 3937 Bachius
636 3861 660 3936 l.
674 3861 723 3956 l.,
748 3875 907 3940 veterem
937 3861 1128 3936 lectionem
1151 3883 1301 3934 servare.
1326 3891 1366 3909 ··

289 3978 407 4052 Dictio
439 3976 506 4062 οἶνος
527 3985 558 4060 ὃς
585 3980 682 4052 οὔποτε
708 3987 775 4078 φησὶ
803 3981 958 4079 προδώσειν
987 4006 1061 4052 non
1099 3977 1280 4076 inelegans
1300 3982 1365 4060 θεῖς

292 4086 466 4187 significat
503 4093 626 4159 ainwa
662 4092 865 4182 ceptorum,
899 4087 991 4188 quod
1023 4094 1138 4192 specu
1172 4081 1309 4180 spondet
1336 4101 1366 4146 ³0
