2870 4824
203 287 256 364 ¹'rr

222 486 345 535 rerum
367 472 498 534 natura
523 472 560 534 et
585 463 769 556 majestate
794 460 915 538 divina
939 461 1073 536 inertes
1098 473 1235 538 mentes
1255 465 1302 538 ad

202 587 400 690 'religionis
419 615 565 666 sensum
589 593 822 665 excitarunt:
840 593 890 666 sic
914 604 951 664 et
974 591 1130 668 melioris
1150 593 1244 670 vitae
1263 607 1310 685 et,

183 791 184 794 ,
219 725 334 804 divini
366 726 488 803 cultus
517 727 619 800 initia
650 755 670 800 a
703 728 800 827 poesi
827 727 1023 828 repetenda
1051 741 1149 802 sunt.
1178 729 1303 804 Rudes

94 837 96 842 ,
219 871 323 933 erant
354 859 557 960 primorum
584 851 775 934 hominum
798 859 844 934 de
870 872 999 934 natura
1026 861 1212 951 notiones,
1238 862 1303 936 sed

218 989 378 1064 naturali
394 989 645 1089 simplicitate,
665 989 769 1064 nullo
785 989 934 1064 artificio
952 989 1104 1064 fucatae.¹
1118 991 1199 1064 Mox
1216 1017 1304 1069 vero

219 1149 278 1196 eas
301 1123 462 1225 fingendi
479 1136 558 1199 arte
579 1149 708 1197 ornare
726 1136 926 1222 coeperunt
943 1129 1094 1222 politae,
1116 1125 1304 1224 inquibus

219 1255 397 1354 principes
418 1255 593 1330 Hesiodus
612 1267 650 1330 et
664 1257 858 1350 HomeruS,
875 1256 941 1355 qui
965 1254 1222 1354 pulcerrimam
1241 1283 1303 1331 ex·

217 1385 416 1483 primentes
438 1398 591 1460 naturae
616 1387 773 1486 speciem
797 1386 889 1460 Deos
911 1384 1137 1485 effinxerunt
1154 1386 1200 1461 ad
1222 1387 1304 1463 bu-

217 1541 363 1592 manam
374 1517 659 1594 similitudinem.
679 1520 726 1591 Hi
743 1519 947 1594 carminum
958 1545 1108 1594 suorum
1126 1521 1304 1597 suavitate

217 1659 256 1722 et
286 1647 463 1749 elegantia
493 1650 542 1724 ita
577 1661 780 1724 tenuerunt
808 1649 1032 1724 Graecorum
1063 1651 1229 1746 animos,
1258 1663 1304 1724 ut

217 1803 345 1854 eorum
371 1778 516 1854 fabulae
548 1782 713 1853 omnium
742 1782 972 1855 consensione
1003 1779 1172 1879 probatae
1200 1783 1304 1881 quasi

216 1908 398 2009 religionis
418 1911 630 1986 auctoritate
647 1923 962 2004 consecrarentur,
979 1909 1121 2010 ipsique
1142 1909 1302 1985 Graecae

215 2039 455 2142 mythologiae
490 2053 652 2116 auctores
687 2039 797 2140 vulgo
827 2039 1055 2115 haberentur
1091 2041 1126 2112 ²4.
1162 2041 1303 2116 Horum

216 2171 430 2271 exemplum
442 2185 634 2271 sequentes
644 2176 772 2270 poetae
787 2173 902 2246 secuti
914 2169 1054 2245 fabulas
1069 2197 1135 2247 suo
1147 2173 1303 2273 quisque

214 2304 328 2378 modo·
351 2315 528 2377 ornarunt
552 2317 591 2378 et
614 2316 829 2392 auxerunt,
857 2302 1037 2405 variisque
1064 2305 1156 2380 Deos
1182 2279 1302 2380 infor·

213 2451 365 2513 marunt
386 2437 628 2538 imaginibus,
651 2439 700 2513 sic
724 2418 862 2516 veteres
886 2441 1047 2513 fictiones
1075 2441 1176 2518 noris
1201 2441 1303 2516 dein·

215 2597 299 2671 ceps
311 2573 455 2672 augeri,
478 2572 626 2665 variari,
639 2584 677 2646 et
689 2571 875 2645 immutari
897 2585 1108 2674 coeperunt.
1123 2573 1304 2673 Temporis

214 2727 300 2779 vero
320 2727 530 2800 progressu,
554 2728 628 2802 quo
640 2705 751 2804 magis
775 2705 848 2780 vita
870 2703 1200 2780 moribus.formari
1215 2706 1303 2778 arti-

214 2832 357 2933 busque
384 2832 499 2908 excoli
521 2846 646 2933 coepta
668 2845 745 2926 est,
772 2861 815 2908 eo
840 2835 951 2936 magis
975 2837 1086 2910 etiam
1111 2837 1303 2911 hominum

213 2963 332 3037 studia
349 2976 387 3038 et
403 2966 566 3038 notiones
582 2990 620 3038 se
639 2963 896 3064 explicuerunt
918 2994 926 3039 :
953 2979 1093 3042 veteres
1116 2969 1303 3066 opiniones

83 3160 85 3164 Α
214 3095 405 3196 paullatim
430 3121 636 3186 senescere,
662 3123 776 3174 novae
799 3099 990 3194 exsistere,
1008 3125 1103 3199 quae
1119 3113 1194 3172 tam
1217 3106 1302 3198 poe'·

214 3239 336 3302 tarum
359 3227 579 3301 carminibus
603 3253 715 3327 quam
737 3229 778 3300 in
798 3230 976 3330 mysteriis
997 3228 1198 3304 celebratae
1224 3229 1302 3304 cul-

214 3361 313 3434 tioris
340 3360 523 3435 doetrinae
556 3361 692 3434 semina
723 3360 970 3461 disperserunt
1000 3373 1038 3435 et
1065 3363 1302 3437 maturiorem

215 3492 392 3594 cogitandi
423 3492 676 3592 sentiendique
706 3477 883 3567 rationem
913 3505 1186 3592 praepararunt.
1212 3495 1301 3564 Tan-

212 3625 296 3700 dem
308 3626 525 3702 coeuntibus
535 3637 742 3728 temporum
754 3627 956 3722 momentis,
969 3627 1123 3727 septimo
1135 3627 1210 3700 fere
1218 3635 1301 3699 ante

211 3759 394 3834 Christum
419 3759 565 3856 seculo,
591 3733 717 3861 ingens
760 3763 851 3837 lacta
878 3775 932 3836 est
956 3786 1081 3838 rerum
1097 3758 1300 3848 conversio,

253 4015 295 4095 (l)
318 4015 454 4082 Herodot.
477 4021 523 4101 ll,
543 4023 592 4087 53.
