2924 4820
193 613 197 620 ’
294 613 329 675 et
345 599 484 700 plenius
504 601 627 675 fausset
643 601 790 702 cognita.
842 599 910 674 Sed
928 601 1021 708 illius
1039 603 1157 701 copiae
1172 603 1211 672 in
1231 601 1358 675 hihlic·

293 768 414 844 thecae
434 767 597 862 thcsauro
620 771 839 863 reconditae,
864 796 942 844 raro
967 739 1216 870 eispromptae,
1240 773 1360 872 paucis

295 939 452 1038 cognitae
472 937 540 1038 (*),
565 965 584 1011 a
607 939 786 1013 nonnullis
807 942 913 1014 etiarn
936 942 1067 1014 frustra
1084 943 1287 1042 quaesitae,
1311 943 1358 1013 ita

293 1107 532 1200 delituerunt,
559 1123 601 1183 ut
628 1124 784 1184 autnon
807 1110 976 1184 exstitisse
997 1125 1061 1184 aut
1081 1111 1152 1212 jam
1174 1110 1358 1202 evanuisse

288 1251 519 1354 crederentur
532 1282 602 1376 (4).
637 1277 839 1378 Expromsit
858 1302 901 1352 ea
921 1303 1138 1378 mecumque
1155 1277 1359 1356 humaniter

289 1421 562 1525 communicavit
581 1449 635 1526 vir
649 1448 695 1522 cl.
710 1448 799 1522 Jac.
811 1449 899 1522 Gee
908 1449 931 1523 l.
962 1449 1006 1520 In
1017 1439 1229 1547 perlegendo
1239 1447 1361 1546 reperi

286 1616 326 1688 in
352 1583 394 1690 iis
414 1643 505 1695 nova
532 1619 678 1719 quidem
699 1617 818 1710 nulla,
841 1615 1016 1718 quaedam
1041 1643 1125 1694 vero
1154 1619 1202 1689 ita
1233 1641 1359 1691 emen-

283 1786 385 1882 data,
408 1803 452 1863 ut
477 1817 496 1863 a
526 1816 667 1864 summo
696 1793 818 1866 critico
850 1804 1037 1891 exspectes.
1086 1788 1212 1864 Nostra
1239 1801 1360 1863 autern

285 1972 323 2032 ct
351 1972 495 2058 patrum
528 1962 713 2052 memoria,
751 1987 869 2062 quum
901 1959 1124 2058 perditorum
1149 1960 1359 2058 scriptorum

286 2126 460 2228 reliquiae
482 2129 671 2206 studiosius
691 2134 854 2234 conquiri
873 2132 1075 2231 coepissent,
1090 2133 1204 2210 etiam
1212 2131 1360 2207 Parme·

287 2293 379 2368 nidis
397 2297 593 2397 fragmenta
616 2325 689 2374 non
713 2299 870 2401 neglecta
892 2315 999 2396 sunt3
1023 2301 1182 2402 primum
1200 2301 1360 2404 colligere

283 2493 328 2586 ea
368 2481 405 2542 et
449 2469 623 2570 explicare
667 2447 932 2574 aggressusest
966 2473 1131 2572 Georg.
1174 2475 1357 2550 Gustav.

286 2635 556 2732 Fiillehorn,
579 2639 668 2714 libro
691 2629 873 2740 inscripto:
904 2642 1104 2741 Παρμενίδου
1128 2653 1187 2718 τοῦ
1204 2638 1360 2720 Ἐλεάτου

287 2802 446 2897 Athlula
508 2807 733 2910 Fragmenta
756 2805 819 2884 des
832 2811 1105 2906 Parmenides,
1130 2815 1361 2912 gesanmtelt,

284 2972 470 3047 iibersetzt
498 2975 577 3048 und
600 2979 787 3054 erluuterr.
837 2983 1042 3056 Ziillichau
1054 3037 1069 3072 ,
1107 2981 1211 3085 1795.
1262 2981 1361 3056 Idem

83 3245 86 3252 .
188 3161 192 3170 '
285 3147 457 3246 scriptum
489 3146 664 3224 insertum
688 3151 802 3224 estin
834 3152 996 3250 ejusdem
1024 3157 1177 3230 auctoris
1199 3155 1361 3232 collecta·-

282 3317 381 3406 ncis„
404 3313 591 3416 Beytrdge
627 3343 698 3391 zur
736 3317 868 3393 Gesclr.
900 3321 964 3394 der
986 3320 1133 3397 Philae.
1162 3323 1258 3400 Part.
1294 3327 1358 3400 Vl.

283 3485 345 3558 na
383 3485 627 3585 Spcitegium
659 3489 955 3565 observationum
988 3490 1136 3592 sanast
1167 3451 1265 3568 'cae
1293 3497 1359 3572 rr.

284 3653 513 3749 Heinrich,
532 3657 577 3728 -in
600 3657 723 3734 eodem
744 3684 871 3760 opere,
894 3661 1005 3738 Part..
1016 3661 1117 3738 VIII.
1166 3631 1360 3740 ¹Fiillehor-

284 3825 388 3898 nium
415 3839 560 3902 secutus
584 3841 637 3904 est
664 3827 767 3903 Chr.
796 3831 909 3933 Aug.
936 3831 1162 3930 Brandis,
1186 3836 1226 3910 in
1253 3835 1362 3910 Com-

315 4041 353 4106 e)
370 4041 639 4096 monasteriensium
659 4045 692 4098 aa
711 4045 840 4116 roman.
856 4047 890 4101 ae
906 4051 978 4104 ιιι.
995 4049 1106 4120 nympn
1127 4067 1152 4120 μ
1176 4035 1227 4120 9⁶?

316 4153 358 4222 (l)
377 4153 433 4208 vid
457 4157 539 4210 Stura.
550 4159 632 4214 Praei.
652 4161 685 4212 cd
704 4161 851 4232 Empedocl.
868 4180 893 4233 p.
912 4165 941 4216 V.
