2840 4820
485 279 697 324 curiosorum.
1064 261 1127 327 100

82 423 285 525 gumentandi
316 424 453 498 ratione
476 437 724 519 coarctarunt,
752 429 863 526 magis
881 427 925 500 a'd
940 453 1042 502 suam
1058 429 1126 504 dis·

81 530 192 604 serendi
214 543 332 602 artem
353 557 462 630 quarn
485 533 529 606 ad
556 532 653 606 illius
669 535 871 634 ingenium,
897 547 941 608 ut
964 535 1124 628 videtur,
1169 563 1172 574 ⁴

81 639 341 728 accommodate;
372 639 531 714 indicant
562 654 679 716 tamen
710 644 789 738 ejus
818 653 975 714 mentem
999 654 1040 716 et
1064 668 1127 714 ar·-

80 759 219 840 gementu
244 746 490 844 rationesque,
514 747 646 847 quihus
673 749 713 820 in
734 746 1012 847 philosophando
1040 773 1127 822 usus

79 863 114 920 ot
137 877 144 922 ε
168 850 344 924 habemus
384 853 495 951 igitur
541 880 734 926 summam*
754 855 853 928 unde
890 853 1128 952 cognoscenda

78 959 134 1048 ejus
157 957 398 1058 philosophia,
426 973 463 1034 et
479 960 645 1034 adhibitis
657 959 809 1034 aliorum
821 961 1053 1052 testimoniis,
1075 957 1127 1032 il-

78 1059 233 1138 lustranda
261 1077 328 1140 est.

425 1407 427 1412 -
551 1376 625 1459 so.

105 1619 256 1692 Primum
282 1631 540 1718 argumentum
564 1617 630 1692 hoc
655 1631 708 1692 est
731 1646 740 1691 :
767 1619 925 1713 «Deus,
950 1621 1127 1720 siquidem

74 1737 125 1816 nt,
151 1739 256 1798 natus
279 1751 355 1799 esse
378 1751 452 1796 non
473 1737 613 1824 potest:
634 1749 719 1795 nam
744 1726 842 1824 quod
864 1729 960 1799 nasci
976 1729 1128 1801 dicimus

32 1821 34 1886 l
74 1833 179 1904 oriatur
217 1857 365 1907 necesse
408 1844 483 1924 est,
518 1843 582 1904 aut
617 1855 661 1902 ex
700 1831 807 1902 simili
831 1846 961 1905 natura
990 1847 1052 1906 aut
1082 1859 1127 1907 cx

32 1971 33 1974 ¹
73 1937 201 2010 dissimili
229 1967 238 2012 :
263 1953 304 2014 et
327 1965 371 2012 ex
396 1937 503 2011 simili
526 1937 674 2036 quidem
692 1937 808 2010 simile
827 1951 954 2010 natum
974 1965 1047 2014 esse
1064 1965 1129 2014 ne·

73 2047 147 2140 quit,
168 2073 255 2119 cnm
278 2046 377 2118 idem
405 2047 450 2117 sit
474 2057 698 2142 utrumque,
723 2069 845 2144 neque
875 2045 1030 2118 alterum
1053 2073 1127 2120 ma-

72 2151 106 2246 gis
131 2151 295 2250 generari
321 2151 365 2224 ah
390 2151 504 2224 altero
529 2176 640 2249 quam
668 2173 838 2248 generare
868 2153 986 2249 ipsum
1025 2177 1128 2250 opor-

72 2269 144 2353 teat3
171 2287 214 2336 ex
246 2261 410 2335 dissimili
439 2273 561 2334 autem
592 2273 721 2334 natum
755 2287 828 2334 esse
858 2261 1024 2335 dissimile
1054 2288 1127 2334 non

71 2379 179 2462 potest,
206 2369 505 2470 quandoquidem
526 2368 563 2440 id
585 2369 683 2466 quod
707 2381 760 2440 est
779 2381 986 2441 nasceretur
1003 2369 1127 2442 videli-

71 2486 108 2543 oet
131 2501 170 2548 ex
196 2475 360 2576 eoquod
385 2501 458 2546 non
485 2487 561 2568 est,
587 2476 688 2572 atqui
712 2474 779 2548 hoc
803 2473 948 2576 nullutn
972 2487 1049 2548 est:
1071 2500 1127 2548 ae-

71 2587 166 2654 ternus
187 2583 306 2683 igitur
330 2594 383 2654 est
406 2581 550 2654 Deus.»

31 2743 33 2824 l
100 2751 180 2851 Ergo
215 2753 456 2851 Xenophanes
498 2777 583 2824 cum
629 2776 706 2822 esre
750 2751 823 2824 sive
867 2756 898 2820 τὸ
933 2749 965 2821 ὃν
997 2763 1129 2824 statuat

31 2929 32 2932 ,
70 2853 182 2948 Deum,
200 2863 408 2960 ingenitum
428 2885 501 2934 esse
521 2859 760 2948 demonstrat,
781 2858 950 2955 quoniam
975 2857 1012 2930 id
1031 2859 1129 2956 quod

31 2967 32 3008 Ὗ
68 2961 139 3060 gigni
160 2967 317 3039 dicimus
342 2955 481 3066 generis
501 2965 702 3036 mutatione
726 2975 763 3035 et
783 2963 1023 3037 vicissitudine
1045 2991 1128 3036 cer-

69 3067 163 3161 nitur,
176 3073 368 3170 omnisque
383 3071 585 3144 vicissitudo
600 3082 812 3141 naturarum
827 3069 1030 3141 discrimine
1046 3095 1129 3141 con-

31 3197 33 3284 ,
68 3171 204 3271 tinctur,
232 3180 284 3250 ita
309 3191 352 3251 ut
374 3177 522 3250 alteram
549 3177 865 3275 praestantiorem,
894 3174 1043 3246 alteram
1067 3176 1128 3249 de-

31 3349 32 3356 ,
69 3283 210 3356 tenorem
248 3309 321 3358 esse
355 3296 542 3381 oporteat,
572 3307 729 3381 quarum
760 3293 898 3354 mutata
927 3279 1129 3366 conditione

69 3383 195 3464 efficitur
231 3391 270 3463 id
303 3391 401 3488 quod
447 3391 602 3462 nesciet
638 3389 786 3462 interire
813 3387 956 3460 dicitur.
990 3385 1128 3460 Clarius

69 3487 117 3564 loc
145 3499 292 3594 exponit
320 3495 464 3570 Ooellus
491 3495 678 3589 Lucanus,
707 3498 813 3590 cujus
834 3494 940 3568 verba
958 3518 1043 3564 cum
1074 3493 1128 3564 his

31 3581 32 3606 ¹
71 3603 283 3699 comparanda
315 3615 401 3676 sunt
428 3601 484 3674 ¹³:
514 3607 581 3672 Πᾶν
608 3631 640 3672 τε
669 3609 700 3672 τὸ
722 3611 861 3698 γενέσεως
897 3610 991 3697 ἀρχὴν
1017 3603 1127 3697 chaph

70 3711 103 3772 ni
134 3713 291 3790 διαλύσεως
324 3715 431 3808 ὀφεῖλον
462 3729 627 3812 astructam
670 3712 718 3781 δύο
751 3712 912 3800 ἐπιδέχεται
943 3707 1125 3798 μεταβολὰς·

99 3967 154 4046 (13)
173 3967 284 4028 Ocellus
304 3967 373 4027 Luc.
392 3989 421 4048 p.
451 3967 528 4041 506,
557 3987 598 4047 sq.
619 3970 649 4028 in
664 3969 767 4050 Opusc.
787 3965 879 4047 ruyth.
900 3963 945 4026 ed.
969 3965 1048 4026 Gale.

31 4117 33 4192 l
