2966 4824
562 415 803 468 nmmmruu.
1162 405 1219 474 tot

196 577 378 652 Praeclare
408 579 563 676 profecto
589 583 648 658 ille
669 581 715 656 de
736 583 949 684 philosophia
974 583 1125 659 meritus
1146 599 1222 676 est,

144 697 244 799 quod
263 723 342 772 eam
360 718 388 772 'a
413 699 521 776 rebus
545 707 701 776 externis
725 707 883 780 avocavit
897 719 933 777 et
949 704 992 777 ad
1008 703 1083 803 ipsa
1100 709 1232 780 rerum'

143 843 275 918 genera
287 833 323 894 et
334 819 465 896 formas
481 822 766 922 contemplandas
781 822 951 896 traduxit.
977 825 1058 915 Qua
1075 823 1222 924 quidem

143 964 185 1011 re
206 953 250 1014 ut
268 940 428 1014 multum
449 943 625 1041 promovit
640 941 917 1042 philosophiam,
931 944 980 1016 sic
995 943 1062 1040 ipsi
1075 969 1222 1044 quoque

143 1059 284 1134 Platoni
316 1087 487 1162 magnum
518 1063 638 1137 attulit
670 1062 976 1152 emolumentum
1011 1087 1080 1136 nec
1101 1075 1221 1139 tamen
1318 1065 1324 1090 ¹

142 1182 333 1258 amborum
369 1187 457 1258 ratio
487 1185 593 1286 plone
613 1199 814 1294 paratque
835 1183 955 1266 similit
976 1199 1029 1268 ost
1048 1183 1221 1266 habenda.

142 1301 209 1380 Ille
232 1304 431 1400 inchoavit,
456 1307 554 1408 quod
579 1306 638 1382 hio
661 1331 775 1405 paone
798 1305 958 1409 perfecit.
994 1303 1222 1390 Parmenides

141 1425 247 1525 qussi
261 1427 385 1526 templi
403 1431 535 1504 atrium
552 1427 655 1504 nobis
670 1426 843 1520 ostendit,
855 1425 958 1506 Plato
972 1427 1084 1526 ipsum
1096 1425 1221 1510 eodem

141 1543 312 1640 intravit,
337 1575 554 1650 omnemque
573 1550 652 1649 eius
670 1545 943 1648 amplitudinem
954 1562 990 1627 ot
1001 1547 1223 1648 magnificen-

140 1669 229 1744 tiam
249 1673 408 1768 exponit.
443 1673 573 1748 Statuit
588 1671 646 1746 hio
665 1697 814 1773 quoquo
838 1669 911 1746 duo
929 1697 1060 1772 genero
1071 1675 1168 1757 inter
1184 1695 1221 1754 se

139 1792 319 1888 opposita,
345 1795 384 1868 rb
404 1795 440 1870 lv
456 1807 494 1866 et
510 1793 557 1868 rit
575 1789 798 1890 δοξοζόμοοος
822 1791 909 1872 boec
933 1794 1040 1894 vulgo
1057 1793 1221 1898 reliquit,

140 1911 233 1984 illud
263 1913 462 2015 philosophi
491 1915 609 1990 studio
632 1917 740 1989 uuioe
758 1914 911 2014 dignum
931 1917 1148 2005 aestimavit,
1169 1914 1221 1992 ’ὅτι

140 2035 222 2131 πρὸς
232 2037 271 2112 το
283 2038 490 2133 brumale
499 2035 542 2116 bv
553 2037 600 2128 etv
610 2033 825 2134 ἁμιλλᾶσθαι
840 2037 906 2136 ὅγε
916 2033 1221 2132 ὂοτωοφολομθήο,

140 2162 200 2234 καὶ
226 2165 283 2236 οὐκ
305 2159 449 2257 ἐπιμένοι
470 2160 528 2238 ἐπὶ
553 2168 621 2246 τοῖο
646 2161 933 2258 δοξαζομένοις
959 2157 1059 2238 εἶναι
1085 2164 1222 2242 πολλοῖς

138 2280 297 2366 ἑκάστοις
320 2292 378 2359 2⁷.
428 2285 629 2386 Utriusque
666 2299 788 2360 autem
820 2297 1077 2384 argumenmm
1097 2282 1221 2364 defini·
1325 2331 1328 2342 ·

139 2405 347 2506 vitsuioque
357 2407 629 2505 circumscripsit
638 2403 859 2506 regionibus,
869 2419 949 2480 tum
959 2405 1170 2503 introspexit
1179 2405 1219 2479 iu

36 2599 58 2609 ,,
139 2526 323 2618 animum,
346 2541 390 2600 ut
414 2527 633 2628 principium
652 2527 767 2602 omnis
781 2525 966 2618 scientiae,
982 2525 1133 2627 ejusque
1151 2553 1220 2602 ve·

136 2650 209 2722 rias
218 2647 380 2730 distinxit
390 2649 621 2748 cognoscendi
633 2645 942 2748 vires,variosque
952 2647 1219 2732 eonstituittan-

135 2797 251 2870 quam
274 2770 482 2869 eognitionis
501 2769 653 2870 gradus:
674 2767 1023 2865 &mmmmm
1038 2769 1112 2845 vim
1123 2795 1218 2870 quae

135 2891 323 2996 eogitondo
344 2917 450 2968 vera
470 2893 672 2992 investigat,
707 2889 823 2986 δόξαν,
847 2915 1022 2967 sensuum
1044 2887 1219 2988 iudicium

136 3013 237 3111 quod
245 3012 423 3113 opinando
433 3012 679 3112 probabilia
690 3027 859 3103 sectetur,
874 3010 934 3089 illa
946 3011 1161 3092 inruerunt
1173 3012 1219 3102 dt,

134 3131 236 3234 qrrod
252 3133 338 3206 inde
348 3134 455 3224 νοητόν
465 3137 541 3210 sivo
554 3133 731 3225 ἐπιστητόν
743 3131 1051 3234 oognorninetttm3
1062 3131 1152 3212 baec
1162 3157 1219 3209 res

136 3253 273 3345 fluns,
312 3285 402 3358 quas
429 3261 466 3334 rb
487 3257 638 3347 οἶοθητέο
661 3285 727 3334 seu
751 3253 910 3348 δοξαστόν
936 3251 1215 3350 oonprehsudit

134 3377 284 3476 Singula
301 3379 498 3454 baeele
513 3379 691 3454 subtiliter
706 3379 920 3480 exploravit,
937 3398 1031 3475 quoe
1043 3372 1144 3454 nobis
1160 3373 1218 3449 bic

137 3505 344 3575 summatim
376 3505 622 3602 perstrinxisse
656 3501 826 3592 sullieiat,
873 3527 946 3600 quo
978 3497 1217 3595 intelligatur,

136 3637 320 3720 quantum
342 3625 572 3701 Parmenides
591 3625 696 3698 distet
718 3621 762 3696 ab
782 3621 841 3694 illa
861 3621 1039 3694 doetrinae
1059 3617 1158 3714 copia
1181 3629 1218 3688 et

135 3743 350 3840 subtilitate,
365 3723 461 3847 ¹quae
488 3748 528 3820 iu
545 3747 721 3822 Platonica
749 3739 966 3844 philosophia
984 3737 1143 3812 cernitur
1158 3741 1214 3810 ²⁸.

169 3943 228 4010 (⁹7)
259 3943 333 3996 Phil)
351 3947 430 4016 soph·
443 3963 469 4016 p.
481 3945 530 4011 254
542 3950 577 4012 Α;
592 3947 687 4002 ibidem
697 3964 723 4017 p.
737 3946 799 4010 olo,
818 3945 929 4000 ultorum
941 3941 1075 4009 ἀληθινόν
1082 3975 1091 4002 ,
1104 3937 1216 4002 Qum

133 4036 255 4090 ridolto
271 4041 356 4090 vocat
796 4079 800 4087 .

169 4130 228 4200 (οὓ)
261 4133 317 4186 Vid.
336 4133 410 4187 Plato
428 4135 455 4187 in
471 4123 578 4198 Potitio,
599 4135 625 4188 b.
638 4135 660 4184 V
673 4143 700 4188 et
712 4135 764 4198 Vl,
784 4133 809 4186 iu
822 4133 933 4186 Menone
944 4140 972 4185 et
984 4129 1051 4184 alibi.
1066 4131 1098 4182 ct
1115 4131 1216 4186 leune-
