2942 4830
502 391 745 442 mosot’tm·
1107 377 1170 438 245

113 569 178 642 Hac
208 579 326 641 autem
355 591 482 640 oorona
514 565 605 668 quid
631 560 834 640 intellexit?
899 561 985 635 Mihi
1008 559 1092 633 orbe
1112 557 1171 632 illo

112 687 217 764 lurido
234 701 271 762 et
293 688 362 762 fixo
383 685 471 762 nibil
493 687 590 760 aliud
611 684 882 786 intelligendum
896 683 1040 758 videtur
1061 709 1172 784 quam

112 809 285 884 stellarum
302 811 453 884 fixarum
475 809 587 901 orbis,
600 834 709 909 quem
732 807 838 906 vulgo
858 807 1009 898 νἰπλνινῆ,
1035 807 1175 878 inerra-

113 931 211 1005 bilem
249 931 445 1031 appellant,
487 931 612 1028 ingens
640 929 728 1004 lueis
758 927 899 1027 globus,
938 926 1043 1026 cujus
1075 925 1177 998 nobis

114 1077 179 1124 non
206 1055 272 1126 nisi
311 1052 479 1126 scintillae
517 1065 725 1152 appareant,
763 1052 994 1126 tenebrarum
1030 1046 1176 1146 caligine

115 1171 261 1268 ollusre3
285 1173 440 1248 utilem
463 1175 507 1248 sit
528 1175 716 1274 illaquam
740 1171 967 1246 Parmenides
993 1170 1031 1242 in
1064 1169 1179 1244 versi-

115 1291 176 1368 bus
192 1295 294 1369 modo
310 1297 459 1394 ἴλνμνινν
477 1295 642 1397 ἔσχατον,
661 1295 764 1370 modo
781 1295 906 1392 soporabo
924 1291 1036 1389 ἀμφὶς
1051 1291 1180 1392 ’ἔχοντα

117 1415 261 1516 appellat
285 1425 341 1493 ⁷³.
378 1418 551 1518 Congruit
572 1417 663 1492 huie
679 1417 977 1516 interpretationi,
998 1415 1094 1516 quod
1107 1415 1183 1488 Sto·

27 1543 28 1548 ’
117 1535 219 1612 basus
250 1538 321 1613 sub
345 1540 412 1614 hoc
440 1540 527 1613 orbe
547 1541 648 1638 ponit
672 1541 728 1632 rip
747 1537 876 1637 πυρώδη
899 1535 1086 1634 στεφάνην,
1110 1525 1185 1636 quo
1288 1629 1292 1637 Ι

119 1658 311 1734 aetherium
332 1660 454 1734 orbem
475 1661 653 1760 designat,
676 1675 719 1734 ut
736 1687 819 1734 mox
842 1659 1051 1736 videbimus.
1078 1657 1186 1738 Illum

120 1795 233 1854 autem
251 1781 373 1856 orbern
390 1786 506 1858 Deum
528 1783 634 1875 facit,
650 1797 694 1856 ut
711 1781 796 1856 dicit
806 1783 946 1875 Cicero,
969 1809 1009 1857 ac
1029 1782 1187 1857 similiter

121 1903 247 1996 sidera;
276 1931 396 2005 neque
418 1931 503 1980 sane
524 1904 780 1978 aParmenidis
796 1905 931 1978 ratione
951 1905 1109 1978 alienum
1126 1918 1188 2002 est,

123 2049 200 2100 aum
234 2029 452 2103 veteriorum
482 2025 645 2126 exemplo
679 2025 886 2100 ooelestibus
922 2027 1031 2128 globis
1069 2027 1190 2102 divina

123 2147 281 2223 tribuisse
302 2152 446 2224 nomina
470 2159 526 2243 ⁷⁴,
555 2151 647 2226 sicut
679 2151 818 2248 otpolt
843 2165 879 2224 et
899 2155 982 2225 Γαῖα
1002 2149 1071 2250 jam
1094 2153 1192 2223 anti·

123 2267 241 2368 quitus
258 2273 316 2344 Dii
333 2270 509 2370 appellati.
560 2273 720 2346 Cioeroni
740 2271 806 2346 hoc
826 2272 1017 2346 ridiculum
1040 2271 1194 2367 videtur,

123 2413 192 2463 non
208 2392 394 2493 reputanti
414 2393 599 2488 uidelicet,
622 2395 870 2469 Parmenidem
894 2396 931 2466 in
947 2409 1104 2468 ¹naturae
1126 2394 1196 2468 de-

124 2514 306 2613 scriptione
338 2541 411 2588 non
444 2517 553 2614 magis
582 2513 831 2615 philosophum
850 2541 954 2614 agere
978 2541 1087 2618 quam
1106 2523 1199 2615 pori-

125 2645 201 2707 tam.
252 2635 534 2712 Reminisoomur
553 2665 637 2714 vero
654 2666 748 2739 quae
769 2643 842 2740 ipse
864 2641 985 2714 Cicero
1006 2643 1044 2712 in
1063 2642 1199 2714 somnio
1322 2633 1325 2640 ’

126 2753 291 2855 Scipionis
329 2757 539 2833 Africanum
577 2761 661 2834 lacit
699 2761 907 2863 loquentem
930 2769 972 2816 ⁷⁵
987 2787 1002 2856 t¹
1035 2762 1199 2837 »Nonne
1319 2835 1322 2848 ,

127 2875 322 2977 pampinis,
353 2879 499 2979 inquit,
518 2908 616 2984 quae
635 2886 672 2956 in
695 2883 986 2983 templa'veneris
1006 2884 1202 2980 (mundum

129 2998 371 3102 »significant
388 3027 517 3106 novem
538 3005 601 3078 tibi
624 3005 768 3080 orbibus
784 3005 841 3084 vel
859 3009 976 3104 potius
994 3005 1103 3106 globis
1119 3033 1203 3080 con·
1280 2993 1287 3012 '

128 3145 250 3198 »nexa
273 3137 359 3197 sunt
376 3125 503 3198 omnia:
520 3152 678 3226 quorum
691 3141 789 3200 unus
805 3141 857 3200 est
873 3129 1079 3210 coelestis
1097 3127 1203 3227 (oripo-

128 3243 220 3342 ννός)
258 3247 434 3338 extimus,
473 3247 540 3346 qui
580 3245 734 3348 reliquos
777 3273 901 3323 omnes
931 3249 1201 3348 amplectitur,

128 3388 353 3440 »summus
373 3368 615 3467 ipseDeus,
639 3395 762 3443 arcens
779 3381 816 3443 et
833 3371 1019 3444 oontinens
1038 3385 1203 3447 ceteros
1251 3388 1255 3404 '

129 3485 257 3584 n(i''tem
297 3488 434 3588 Deos);
470 3491 509 3563 in
548 3517 622 3592 quo
654 3491 755 3564 infixi
797 3507 883 3566 sunt
920 3492 977 3584 illi
1009 3495 1073 3592 qui
1116 3494 1200 3570 vol·
1256 3527 1260 3534 ·

130 3623 302 3686 »vantur
312 3611 494 3715 stellarum
516 3637 647 3687 cursus
662 3612 901 3713 sempiterni.''
925 3617 1029 3708 Quae
1046 3615 1201 3714 profecto

131 3727 367 3807 Parmenideis
391 3732 488 3808 haud
513 3733 689 3809 dissimilia
712 3723 809 3810 sunt.

164 3919 222 3986 (7³)
254 3923 314 3976 vid.
334 3925 442 3980 Parmam
460 3945 509 3982 vu.
531 3931 585 3992 136,
605 3933 666 3996 rto,
725 3925 729 3932 ’

165 4013 222 4080 (tt)
257 4015 295 4069 Cf·
313 4031 390 4086 supra
406 4018 439 4072 ad
456 4037 481 4072 n.
499 4019 539 4076 25.

168 4103 224 4171 (75)
258 4109 347 4160 Cicero
365 4109 398 4162 de
414 4111 477 4181 llap.
495 4113 543 4174 Vl,
564 4129 600 4179 ¹7·
618 4115 657 4168 ad.
676 4116 734 4168 Mai.
