2840 4820
289 239 353 304 tta
694 262 732 302 ιιι
755 259 947 302 ιιιοιιιιιιιε

283 417 343 509 jus
375 414 427 486 rei
462 413 551 486 duae
582 411 783 483 afferendae
818 423 904 481 sunt
937 433 1112 482 caussae:
1144 410 1255 484 altera
1284 426 1353 504 est,

285 519 383 619 quod
407 518 468 592 ille
494 546 566 596 non
589 517 768 592 recondita
790 529 932 588 tantum
957 517 1198 615 disputatione
1222 519 1267 592 de
1289 519 1357 594 Diis

286 626 562 726 philosophatus·
578 639 646 718 est,
668 624 728 698 sed
756 625 914 696 oratione
931 649 1017 696 usus
1040 624 1357 724 plerumqnecom·

284 735 391 810 muni
426 735 614 806 hominum
647 733 767 805 sensui
799 732 1090 822 accommodata,
1125 759 1198 830 qua
1235 759 1356 831 perva-

285 840 656 939 gatas'imperitorum
686 839 869 934 opiniones
901 839 1094 935 corrigeret
1124 839 1231 910 etad
1257 839 1355 912 altio·

285 971 363 1020 rem
390 947 638 1044 verioremque
664 945 839 1044 cogitandi
859 947 1032 1018 rationem
1059 945 1221 1018 erudiret
1248 955 1280 1014 ¹⁷.
1301 945 1356 1018 At-

285 1065 362 1126 tera
384 1065 506 1126 autom
531 1078 646 1150 caque
669 1054 862 1148 praecipua
891 1051 1131 1148 causaposita
1158 1051 1303 1124 videtur
1321 1053 1356 1124 in

284 1154 360 1255 ipsa
389 1155 518 1230 Graeci
550 1160 722 1230 sermonis
749 1156 900 1247 indole,
933 1157 973 1228 in
1005 1182 1078 1254 quo
1109 1155 1257 1230 nullum
1288 1170 1357 1230 erat

287 1265 502 1338 vocabulum
530 1291 603 1362 quo
629 1291 813 1336 summum
839 1264 930 1336 illud
961 1291 1099 1337 numen
1126 1277 1164 1337 et
1188 1264 1357 1338 excellens

286 1373 385 1444 omni
409 1386 558 1470 naturae
584 1373 795 1474 praestantia
818 1373 1086 1470 significaretur.
1107 1372 1177 1446 Ubi
1192 1375 1287 1448 enirn
1306 1375 1355 1444 in·

286 1503 372 1580 gens
398 1478 556 1552 Deorum
584 1503 759 1551 numerus
787 1477 975 1552 hominum
1008 1481 1185 1550 sententia
1216 1491 1253 1554 et
1276 1477 1355 1552 reli-

286 1585 390 1683 gione
411 1596 634 1658 consecratus
662 1597 760 1673 erat,
788 1587 856 1652 θεοῦ
879 1608 1011 1656 nomen
1039 1609 1111 1655 non
1139 1589 1250 1656 unius
1278 1609 1355 1681 pro-

284 1690 406 1786 prium
437 1691 498 1762 sed
530 1713 722 1760 commune
755 1687 955 1760 multorum
994 1689 1075 1760 fuit.
1107 1689 1211 1781 Quae
1240 1703 1353 1763 autem

285 1793 485 1866 differentia
500 1806 617 1864 notata
630 1807 682 1866 est
694 1795 789 1865 inter
802 1793 1076 1890 appellationem
1088 1801 1158 1865 Sero
1171 1809 1207 1867 et
1220 1797 1352 1888 dartana,

284 1899 373 1973 haec
401 1901 521 1997 priscis
549 1900 624 1971 fere
645 1925 718 1970 non
747 1897 929 1971 observata
952 1900 1043 1988 fuit,
1072 1902 1137 1997 qui
1163 1905 1352 1997 promiscue

284 2005 340 2078 his
353 2004 558 2078 nominibus
581 2007 638 2076 usi
652 2017 747 2075 sunt.
771 2004 824 2074 Ita
850 2003 1106 2099 Empedocles,
1134 2029 1244 2103 quem
1269 2033 1353 2078 non-

257 2197 261 2206 Ι
286 2111 381 2184 nulli
414 2113 513 2182 lraec,
535 2109 680 2180 nomina
710 2109 878 2180 subtilius
908 2110 1105 2182 distinxisse
1134 2125 1289 2208 putant,
1319 2114 1353 2183 in

285 2219 444 2292 carmine
468 2219 537 2295 θεὸς
567 2216 708 2288 eosdem
734 2229 771 2285 et
796 2218 932 2308 &arpenas
961 2215 1144 2314 appellat3
1175 2218 1352 2310 similiter,

283 2337 328 2396 ut
350 2322 435 2398 alios
461 2326 644 2412 omittam,
675 2322 775 2394 Plato
802 2319 840 2392 iri
869 2323 1011 2394 Timaeo
1036 2321 1079 2410 ¹⁸,
1109 2323 1176 2396 ubi
1203 2349 1354 2398 summus

283 2431 380 2506 Deus
405 2431 568 2502 omniurn
598 2453 725 2526 parens
751 2442 786 2501 et
812 2442 936 2501 auctor
951 2435 1011 2507 τσὺς
1034 2431 1171 2521 δαήμονας
1201 2433 1248 2503 ita
1270 2432 1353 2504 allo-

325 2762 389 2842 (ιι)
408 2758 521 2820 Monuit
540 2756 594 2818 hoc
616 2755 745 2820 Brandis.
764 2778 793 2840 p.
815 2759 853 2822 33
875 2779 916 2836 sq.
936 2757 1019 2836 Quod
1033 2771 1125 2820 auten
1148 2759 1193 2822 hic
1212 2759 1350 2820 discrimen

284 2853 381 2912 statuit
399 2849 473 2908 inter
495 2845 678 2926 Xenophanis
704 2848 839 2908 rationein
861 2847 1100 2930 philosophicam,
1126 2863 1154 2908 et
1174 2849 1286 2910 alteram
1304 2868 1349 2930 po

282 2941 427 3026 palarem,
448 2936 479 2996 id
502 2958 559 2996 non
578 2937 661 2995 nimis
683 2935 845 3018 urgendum.

326 3049 386 3134 (18)
407 3047 474 3110 vid.
494 3071 557 3130 pag.
577 3047 637 3127 41,
655 3051 688 3110 A.
712 3051 754 3108 Ne
772 3051 833 3128 quis
854 3071 920 3110 vero
942 3049 1010 3110 milri
1036 3051 1165 3134 objiciat,
1183 3064 1289 3130 veteres
1301 3051 1349 3132 jam

284 3149 349 3207 olim
367 3137 466 3216 Stude,
488 3139 624 3216 δαίμονας
640 3151 667 3198 et
683 3133 766 3220 ripuar
781 3139 942 3199 distinxisse
957 3186 965 3216 ‚
984 3141 1051 3200 novi
1071 3142 1166 3201 multis
1182 3143 1349 3219 antiquorum

282 3237 352 3297 locis
371 3233 399 3293 id
415 3233 546 3313 probari,
565 3231 651 3290 veluti
671 3229 787 3291 Hesiod.
809 3229 866 3310 ἴῃ.
885 3252 926 3290 vs.
956 3251 1020 3292 rna.
1041 3233 1161 3315 Pythag.
1185 3235 1250 3292 Aur.
1272 3249 1348 3289 carm.

281 3329 372 3407 princ.
389 3322 476 3383 Ocell.
499 3322 601 3380 Lucan.
625 3343 650 3382 c.
674 3323 711 3393 3,
734 3341 761 3402 p·
779 3319 857 3402 529,
874 3319 919 3378 ed.
943 3321 1030 3382 Galei.
1052 3323 1158 3380 Platon.
1189 3321 1273 3402 Lrgg.
1297 3317 1347 3389 lv,

282 3417 310 3480 8.
332 3439 361 3498 p.
394 3435 461 3496 717.
483 3409 558 3490 μιτᾶ
581 3409 660 3472 &rods
694 3407 731 3472 dl
749 3411 849 3472 rorisdr
877 3409 923 3472 nal
947 3415 1003 3473 reis
1027 3407 1159 3490 diripera-rr
1179 3407 1229 3484 ἶν’
1253 3409 1348 3488 ἔμφρον

281 3505 404 3590 inriga
422 3507 452 3566 τ’
473 3501 522 3579 alr,
543 3500 622 3584 iperi
640 3501 677 3568 dl
695 3502 770 3581 μιτιὲ
791 3501 911 3566 tristor.
933 3505 1037 3586 Cratyl.
1051 3527 1080 3586 p.
1101 3507 1175 3587 397,
1189 3505 1224 3566 l).
1235 3505 1348 3564 Tantum

280 3596 465 3672 autentico,
479 3595 551 3656 hanc
572 3597 715 3656 nominum
727 3595 912 3656 differentiam
932 3615 990 3654 non
1011 3593 1080 3654 adeo
1100 3594 1242 3654 definitam
1256 3592 1346 3664 fuisse,

279 3691 348 3768 quin
367 3709 398 3747 ea
420 3687 580 3770 plerumque
603 3697 658 3744 tam
675 3685 752 3764 vulgi
770 3706 851 3764 quam
872 3683 1016 3746 doctorum
1033 3707 1083 3744 usu
1107 3683 1344 3744 confunderentur.

278 3775 411 3836 Subtilius
424 3797 455 3834 oa
475 3775 665 3836 distinxerunt
676 3777 856 3860 posteriores,
867 3775 963 3849 Stoici,
980 3775 1132 3847 Platonici,
1153 3771 1199 3832 alii
1212 3819 1219 3846 ,
1239 3787 1346 3852 quorum

278 3877 433 3924 commenta
453 3867 482 3922 in
496 3867 626 3944 antiquos
647 3863 814 3925 conferenda
829 3879 980 3936 nunaunt,
1000 3873 1030 3922 ut
1047 3863 1115 3922 facit
1127 3859 1264 3921 Plutarch.
1281 3857 1344 3938 plac.

150 3943 157 4044 Τ
275 3953 375 4036 philos.
399 3953 429 4026 l,
449 3951 479 4012 8.
