<?xml version="1.0" encoding="UTF-8"?>
<!DOCTYPE html PUBLIC "-//W3C//DTD XHTML 1.0 Transitional//EN"
    "http://www.w3.org/TR/xhtml1/DTD/xhtml1-transitional.dtd">
<html xmlns="http://www.w3.org/1999/xhtml" xml:lang="en" lang="en">
 <head>
  <title>
</title>
<meta http-equiv="Content-Type" content="text/html;charset=utf-8" />
  <meta name='ocr-system' content='tesseract 3.04.00' />
  <meta name='ocr-capabilities' content='ocr_page ocr_carea ocr_par ocr_line ocrx_word'/>
</head>
<body>
  <div class='ocr_page' id='page_1' title='image "./philosophorumgr01xenogoog_0295.png"; bbox 0 0 3000 4844; ppageno 0'>
   <div class='ocr_carea' id='block_1_1' title="bbox 364 854 961 927">
    <p class='ocr_par' dir='ltr' id='par_1_1' title="bbox 364 854 961 927">
     <span class='ocr_line' id='line_1_1' title="bbox 364 854 961 927; baseline 0.008 -5"><span class='ocrx_word' id='word_1_1' title='bbox 364 854 693 924; x_wconf 70' lang='grc' dir='ltr'><strong>ΡΛΙΙΙΙΕΙΙΝΕ</strong></span> <span class='ocrx_word' id='word_1_2' title='bbox 734 859 961 927; x_wconf 65' lang='lat' dir='ltr'>CARNE!-</span> 
     </span>
    </p>
   </div>
   <div class='ocr_carea' id='block_1_2' title="bbox 546 1156 779 1193">
    <p class='ocr_par' dir='ltr' id='par_1_2' title="bbox 546 1156 779 1193">
     <span class='ocr_line' id='line_1_2' title="bbox 546 1156 779 1193; baseline 0.004 -11"><span class='ocrx_word' id='word_1_3' title='bbox 546 1156 779 1193; x_wconf 49' lang='lat' dir='ltr'>...Q-..-</span> 
     </span>
    </p>
   </div>
   <div class='ocr_carea' id='block_1_3' title="bbox 516 1470 801 1574">
    <p class='ocr_par' dir='ltr' id='par_1_3' title="bbox 516 1470 801 1574">
     <span class='ocr_line' id='line_1_3' title="bbox 516 1470 801 1574; baseline 0.007 -43"><span class='ocrx_word' id='word_1_4' title='bbox 516 1471 572 1532; x_wconf 82' lang='lat' dir='ltr'>llE</span> <span class='ocrx_word' id='word_1_5' title='bbox 601 1470 801 1574; x_wconf 75' lang='lat' dir='ltr'>ttlrttltl.</span> 
     </span>
    </p>
   </div>
   <div class='ocr_carea' id='block_1_4' title="bbox 145 1651 1274 2028">
    <p class='ocr_par' dir='ltr' id='par_1_4' title="bbox 145 1651 1274 2028">
     <span class='ocr_line' id='line_1_4' title="bbox 198 1651 1203 1782; baseline 0.004 -29"><span class='ocrx_word' id='word_1_6' title='bbox 198 1651 324 1782; x_wconf 77' lang='lat' dir='ltr'>Equi,</span> <span class='ocrx_word' id='word_1_7' title='bbox 347 1680 480 1781; x_wconf 86' lang='lat' dir='ltr'>quibus</span> <span class='ocrx_word' id='word_1_8' title='bbox 504 1681 632 1775; x_wconf 87' lang='lat' dir='ltr'>vehor,</span> <span class='ocrx_word' id='word_1_9' title='bbox 655 1708 729 1782; x_wconf 92' lang='lat' dir='ltr'>quc</span> <span class='ocrx_word' id='word_1_10' title='bbox 745 1683 854 1756; x_wconf 93' lang='lat' dir='ltr'>animi</span> <span class='ocrx_word' id='word_1_11' title='bbox 869 1682 1024 1782; x_wconf 87' lang='lat' dir='ltr'>impetus</span> <span class='ocrx_word' id='word_1_12' title='bbox 1043 1681 1203 1758; x_wconf 78' lang='lat' dir='ltr'><strong>tenderet</strong></span> 
     </span>
     <span class='ocr_line' id='line_1_5' title="bbox 146 1800 1274 1902; baseline 0.002 -26"><span class='ocrx_word' id='word_1_13' title='bbox 146 1827 205 1876; x_wconf 85' lang='lat' dir='ltr'>me</span> <span class='ocrx_word' id='word_1_14' title='bbox 224 1802 427 1894; x_wconf 83' lang='lat' dir='ltr'>duxerunt,</span> <span class='ocrx_word' id='word_1_15' title='bbox 453 1801 629 1902; x_wconf 78' lang='lat' dir='ltr'><strong>siquidem</strong></span> <span class='ocrx_word' id='word_1_16' title='bbox 647 1803 685 1876; x_wconf 95' lang='lat' dir='ltr'>in</span> <span class='ocrx_word' id='word_1_17' title='bbox 702 1800 879 1876; x_wconf 75' lang='lat' dir='ltr'>celebrem</span> <span class='ocrx_word' id='word_1_18' title='bbox 894 1828 952 1876; x_wconf 92' lang='lat' dir='ltr'>me</span> <span class='ocrx_word' id='word_1_19' title='bbox 974 1821 1154 1880; x_wconf 85' lang='lat' dir='ltr'>vexerunt</span> <span class='ocrx_word' id='word_1_20' title='bbox 1175 1805 1274 1878; x_wconf 79' lang='lat' dir='ltr'>viam&#39;</span> 
     </span>
     <span class='ocr_line' id='line_1_6' title="bbox 145 1923 1228 2028; baseline 0.001 -30"><span class='ocrx_word' id='word_1_21' title='bbox 145 1923 333 1998; x_wconf 83' lang='lat' dir='ltr'>Daemonis</span> <span class='ocrx_word' id='word_1_22' title='bbox 355 1949 449 2022; x_wconf 83' lang='lat' dir='ltr'>quae</span> <span class='ocrx_word' id='word_1_23' title='bbox 470 1948 538 2028; x_wconf 88' lang='lat' dir='ltr'>per</span> <span class='ocrx_word' id='word_1_24' title='bbox 559 1949 685 1998; x_wconf 88' lang='lat' dir='ltr'>arcana</span> <span class='ocrx_word' id='word_1_25' title='bbox 704 1924 822 2022; x_wconf 84' lang='lat' dir='ltr'>omnia</span> <span class='ocrx_word' id='word_1_26' title='bbox 843 1923 913 1998; x_wconf 85' lang='lat' dir='ltr'>fert</span> <span class='ocrx_word' id='word_1_27' title='bbox 932 1923 1076 1998; x_wconf 86' lang='lat' dir='ltr'>doctum</span> <span class='ocrx_word' id='word_1_28' title='bbox 1096 1926 1228 2004; x_wconf 87' lang='lat' dir='ltr'>virum.</span> 
     </span>
    </p>
   </div>
   <div class='ocr_carea' id='block_1_5' title="bbox 77 2047 1268 3737">
    <p class='ocr_par' dir='ltr' id='par_1_5' title="bbox 77 2047 1268 3737">
     <span class='ocr_line' id='line_1_7' title="bbox 144 2047 1214 2152; baseline 0.005 -31"><span class='ocrx_word' id='word_1_29' title='bbox 144 2047 219 2122; x_wconf 86' lang='lat' dir='ltr'>llac</span> <span class='ocrx_word' id='word_1_30' title='bbox 238 2050 395 2147; x_wconf 73' lang='lat' dir='ltr'>ferebar,</span> <span class='ocrx_word' id='word_1_31' title='bbox 414 2077 572 2151; x_wconf 88' lang='lat' dir='ltr'>namque</span> <span class='ocrx_word' id='word_1_32' title='bbox 593 2051 660 2125; x_wconf 90' lang='lat' dir='ltr'>bac</span> <span class='ocrx_word' id='word_1_33' title='bbox 679 2075 738 2124; x_wconf 88' lang='lat' dir='ltr'>me</span> <span class='ocrx_word' id='word_1_34' title='bbox 759 2050 903 2128; x_wconf 83' lang='lat' dir='ltr'>solertes</span> <span class='ocrx_word' id='word_1_35' title='bbox 922 2052 1109 2152; x_wconf 89' lang='lat' dir='ltr'>portabant</span> <span class='ocrx_word' id='word_1_36' title='bbox 1129 2055 1214 2152; x_wconf 89' lang='lat' dir='ltr'>equi</span> 
     </span>
     <span class='ocr_line' id='line_1_8' title="bbox 95 2167 1138 2273; baseline 0.006 -33"><span class='ocrx_word' id='word_1_37' title='bbox 95 2167 130 2240; x_wconf 85' lang='lat'>5.</span> <span class='ocrx_word' id='word_1_38' title='bbox 144 2193 294 2244; x_wconf 85' lang='lat' dir='ltr'>currum</span> <span class='ocrx_word' id='word_1_39' title='bbox 313 2185 468 2272; x_wconf 84' lang='lat' dir='ltr'>agentes.</span> <span class='ocrx_word' id='word_1_40' title='bbox 509 2171 696 2273; x_wconf 78' lang='lat' dir='ltr'>Nymphae</span> <span class='ocrx_word' id='word_1_41' title='bbox 714 2185 836 2247; x_wconf 89' lang='lat' dir='ltr'>autem</span> <span class='ocrx_word' id='word_1_42' title='bbox 855 2172 924 2248; x_wconf 87' lang='lat' dir='ltr'>iter</span> <span class='ocrx_word' id='word_1_43' title='bbox 942 2169 1138 2266; x_wconf 73' lang='lat' dir='ltr'>ducebant,</span> 
     </span>
     <span class='ocr_line' id='line_1_9' title="bbox 148 2288 1043 2394; baseline 0.008 -32"><span class='ocrx_word' id='word_1_44' title='bbox 148 2288 312 2365; x_wconf 83' lang='lat' dir='ltr'>Heliades</span> <span class='ocrx_word' id='word_1_45' title='bbox 335 2291 533 2394; x_wconf 80' lang='lat' dir='ltr'>nymphae,</span> <span class='ocrx_word' id='word_1_46' title='bbox 559 2294 671 2367; x_wconf 82' lang='lat' dir='ltr'>noctis</span> <span class='ocrx_word' id='word_1_47' title='bbox 695 2291 843 2382; x_wconf 84' lang='lat' dir='ltr'>domum</span> <span class='ocrx_word' id='word_1_48' title='bbox 867 2318 1043 2392; x_wconf 75' lang='lat' dir='ltr'>egressae,</span> 
     </span>
     <span class='ocr_line' id='line_1_10' title="bbox 143 2410 990 2514; baseline 0.006 -31"><span class='ocrx_word' id='word_1_49' title='bbox 143 2411 182 2484; x_wconf 94' lang='lat' dir='ltr'>in</span> <span class='ocrx_word' id='word_1_50' title='bbox 209 2410 349 2508; x_wconf 88' lang='lat' dir='ltr'>lucem,</span> <span class='ocrx_word' id='word_1_51' title='bbox 374 2413 612 2490; x_wconf 79' lang='lat' dir='ltr'>velaminibus</span> <span class='ocrx_word' id='word_1_52' title='bbox 635 2413 681 2488; x_wconf 88' lang='lat' dir='ltr'>de</span> <span class='ocrx_word' id='word_1_53' title='bbox 707 2414 820 2513; x_wconf 84' lang='lat' dir='ltr'>capite</span> <span class='ocrx_word' id='word_1_54' title='bbox 843 2415 990 2514; x_wconf 84' lang='lat' dir='ltr'>rejectis.</span> 
     </span>
     <span class='ocr_line' id='line_1_11' title="bbox 141 2533 1194 2610; baseline 0.002 -4"><span class='ocrx_word' id='word_1_55' title='bbox 141 2535 228 2608; x_wconf 82' lang='lat' dir='ltr'>Axis</span> <span class='ocrx_word' id='word_1_56' title='bbox 252 2548 375 2610; x_wconf 84' lang='lat' dir='ltr'>nutem</span> <span class='ocrx_word' id='word_1_57' title='bbox 397 2537 436 2608; x_wconf 93' lang='lat' dir='ltr'>in</span> <span class='ocrx_word' id='word_1_58' title='bbox 460 2534 694 2610; x_wconf 81' lang='lat' dir='ltr'>foraminibus</span> <span class='ocrx_word' id='word_1_59' title='bbox 717 2533 830 2608; x_wconf 79' lang='lat' dir='ltr'>ciebat</span> <span class='ocrx_word' id='word_1_60' title='bbox 850 2535 987 2609; x_wconf 84' lang='lat' dir='ltr'>fistulae</span> <span class='ocrx_word' id='word_1_61' title='bbox 1009 2533 1194 2610; x_wconf 79' lang='lat' dir='ltr'>stridorem</span> 
     </span>
     <span class='ocr_line' id='line_1_12' title="bbox 143 2653 962 2757; baseline 0.002 -31"><span class='ocrx_word' id='word_1_62' title='bbox 143 2653 305 2749; x_wconf 79' lang='lat' dir='ltr'>fervens,</span> <span class='ocrx_word' id='word_1_63' title='bbox 323 2698 347 2716; x_wconf 90' lang='lat'>·</span> <span class='ocrx_word' id='word_1_64' title='bbox 366 2656 459 2732; x_wconf 89' lang='lat' dir='ltr'>binis</span> <span class='ocrx_word' id='word_1_65' title='bbox 481 2659 578 2732; x_wconf 86' lang='lat' dir='ltr'>eninr</span> <span class='ocrx_word' id='word_1_66' title='bbox 602 2653 800 2757; x_wconf 82' lang='lat' dir='ltr'>agitabatur</span> <span class='ocrx_word' id='word_1_67' title='bbox 816 2657 962 2728; x_wconf 85' lang='lat' dir='ltr'>tornatia</span> 
     </span>
     <span class='ocr_line' id='line_1_13' title="bbox 77 2773 1031 2879; baseline 0.002 -31"><span class='ocrx_word' id='word_1_68' title='bbox 77 2801 129 2850; x_wconf 89' lang='grc' dir='ltr'>ιο.</span> <span class='ocrx_word' id='word_1_69' title='bbox 142 2777 226 2850; x_wconf 87' lang='lat' dir='ltr'>rotis</span> <span class='ocrx_word' id='word_1_70' title='bbox 245 2777 431 2878; x_wconf 83' lang='lat' dir='ltr'>utrimque</span> <span class='ocrx_word' id='word_1_71' title='bbox 454 2815 476 2834; x_wconf 89' lang='lat'>·</span> <span class='ocrx_word' id='word_1_72' title='bbox 497 2776 642 2879; x_wconf 85' lang='lat' dir='ltr'>quando</span> <span class='ocrx_word' id='word_1_73' title='bbox 661 2773 792 2854; x_wconf 86' lang='lat' dir='ltr'>vehere</span> <span class='ocrx_word' id='word_1_74' title='bbox 813 2776 1031 2851; x_wconf 81' lang='lat' dir='ltr'>festinarent.</span> 
     </span>
     <span class='ocr_line' id='line_1_14' title="bbox 141 2900 1034 3003; baseline 0 -27"><span class='ocrx_word' id='word_1_75' title='bbox 141 2900 219 2976; x_wconf 87' lang='lat' dir='ltr'>Illic</span> <span class='ocrx_word' id='word_1_76' title='bbox 243 2917 296 2978; x_wconf 87' lang='lat' dir='ltr'>est</span> <span class='ocrx_word' id='word_1_77' title='bbox 319 2917 420 3003; x_wconf 89' lang='lat' dir='ltr'>porta</span> <span class='ocrx_word' id='word_1_78' title='bbox 443 2907 554 2980; x_wconf 82' lang='lat' dir='ltr'>noctis</span> <span class='ocrx_word' id='word_1_79' title='bbox 577 2919 614 2978; x_wconf 87' lang='lat' dir='ltr'>et</span> <span class='ocrx_word' id='word_1_80' title='bbox 638 2901 727 2979; x_wconf 89' lang='lat' dir='ltr'>lucis</span> <span class='ocrx_word' id='word_1_81' title='bbox 750 2903 913 2997; x_wconf 84' lang='lat' dir='ltr'>viarum,</span> <span class='ocrx_word' id='word_1_82' title='bbox 1030 2977 1034 2988; x_wconf 76' lang='grc'>,</span> 
     </span>
     <span class='ocr_line' id='line_1_15' title="bbox 143 3023 1268 3128; baseline 0.002 -30"><span class='ocrx_word' id='word_1_83' title='bbox 143 3049 373 3125; x_wconf 86' lang='lat' dir='ltr'>quamsupra</span> <span class='ocrx_word' id='word_1_84' title='bbox 385 3025 671 3128; x_wconf 89' lang='lat' dir='ltr'>hyperthyrium,</span> <span class='ocrx_word' id='word_1_85' title='bbox 681 3024 775 3098; x_wconf 84' lang='lat' dir='ltr'>infra</span> <span class='ocrx_word' id='word_1_86' title='bbox 783 3023 894 3098; x_wconf 90' lang='lat' dir='ltr'>limen</span> <span class='ocrx_word' id='word_1_87' title='bbox 905 3024 1087 3124; x_wconf 86' lang='lat' dir='ltr'>lapideum</span> <span class='ocrx_word' id='word_1_88' title='bbox 1098 3025 1268 3123; x_wconf 85' lang='lat' dir='ltr'>continet;</span> 
     </span>
     <span class='ocr_line' id='line_1_16' title="bbox 143 3135 1122 3244; baseline 0.007 -29"><span class='ocrx_word' id='word_1_89' title='bbox 143 3145 218 3243; x_wconf 85' lang='lat' dir='ltr'>ipsa</span> <span class='ocrx_word' id='word_1_90' title='bbox 242 3159 364 3222; x_wconf 86' lang='lat' dir='ltr'>autem</span> <span class='ocrx_word' id='word_1_91' title='bbox 388 3147 543 3222; x_wconf 85' lang='lat' dir='ltr'>aetheria</span> <span class='ocrx_word' id='word_1_92' title='bbox 567 3145 746 3221; x_wconf 87' lang='lat' dir='ltr'>clauditur</span> <span class='ocrx_word' id='word_1_93' title='bbox 769 3144 973 3244; x_wconf 79' lang='lat' dir='ltr'>ingentibus</span> <span class='ocrx_word' id='word_1_94' title='bbox 997 3135 1122 3242; x_wconf 85' lang='lat' dir='ltr'>valvis,</span> 
     </span>
     <span class='ocr_line' id='line_1_17' title="bbox 142 3273 1088 3373; baseline 0.004 -31"><span class='ocrx_word' id='word_1_95' title='bbox 142 3294 301 3368; x_wconf 88' lang='lat' dir='ltr'>quarum</span> <span class='ocrx_word' id='word_1_96' title='bbox 327 3273 437 3350; x_wconf 82' lang='lat' dir='ltr'>ultrix</span> <span class='ocrx_word' id='word_1_97' title='bbox 460 3274 482 3347; x_wconf 91' lang='lat' dir='ltr'><strong>J</strong></span> <span class='ocrx_word' id='word_1_98' title='bbox 485 3274 601 3349; x_wconf 86' lang='lat' dir='ltr'>ustitia</span> <span class='ocrx_word' id='word_1_99' title='bbox 625 3285 724 3346; x_wconf 90' lang='lat' dir='ltr'>tenet</span> <span class='ocrx_word' id='word_1_100' title='bbox 750 3273 942 3373; x_wconf 83' lang='lat' dir='ltr'>reciprocas</span> <span class='ocrx_word' id='word_1_101' title='bbox 965 3273 1088 3351; x_wconf 85' lang='lat' dir='ltr'>claves.</span> 
     </span>
     <span class='ocr_line' id='line_1_18' title="bbox 77 3388 1126 3498; baseline 0.008 -38"><span class='ocrx_word' id='word_1_102' title='bbox 77 3388 128 3464; x_wconf 80' lang='lat'>15.</span> <span class='ocrx_word' id='word_1_103' title='bbox 141 3389 242 3466; x_wconf 86' lang='lat' dir='ltr'>Hanc</span> <span class='ocrx_word' id='word_1_104' title='bbox 265 3393 375 3492; x_wconf 89' lang='lat' dir='ltr'>igitur</span> <span class='ocrx_word' id='word_1_105' title='bbox 398 3395 576 3498; x_wconf 81' lang='lat' dir='ltr'>nymphae</span> <span class='ocrx_word' id='word_1_106' title='bbox 599 3393 740 3466; x_wconf 87' lang='lat' dir='ltr'>blandis</span> <span class='ocrx_word' id='word_1_107' title='bbox 763 3393 880 3468; x_wconf 88' lang='lat' dir='ltr'>verbis</span> <span class='ocrx_word' id='word_1_108' title='bbox 903 3392 1126 3494; x_wconf 87' lang='lat' dir='ltr'>deprecatae,</span> 
     </span>
     <span class='ocr_line' id='line_1_19' title="bbox 142 3513 1254 3616; baseline 0.002 -30"><span class='ocrx_word' id='word_1_109' title='bbox 142 3513 226 3588; x_wconf 82' lang='lat' dir='ltr'>scite</span> <span class='ocrx_word' id='word_1_110' title='bbox 249 3517 283 3589; x_wconf 91' lang='lat' dir='ltr'>ei</span> <span class='ocrx_word' id='word_1_111' title='bbox 306 3533 586 3616; x_wconf 86' lang='lat' dir='ltr'>persuaserunt,</span> <span class='ocrx_word' id='word_1_112' title='bbox 605 3527 649 3589; x_wconf 89' lang='lat' dir='ltr'>ut</span> <span class='ocrx_word' id='word_1_113' title='bbox 671 3513 739 3589; x_wconf 88' lang='lat' dir='ltr'>sibi</span> <span class='ocrx_word' id='word_1_114' title='bbox 762 3514 888 3590; x_wconf 86' lang='lat' dir='ltr'>balano</span> <span class='ocrx_word' id='word_1_115' title='bbox 910 3519 1094 3591; x_wconf 88' lang='lat' dir='ltr'>munitum</span> <span class='ocrx_word' id='word_1_116' title='bbox 1118 3529 1254 3594; x_wconf 87' lang='lat' dir='ltr'>vectem</span> 
     </span>
     <span class='ocr_line' id='line_1_20' title="bbox 142 3635 1208 3737; baseline 0.004 -31"><span class='ocrx_word' id='word_1_117' title='bbox 142 3635 391 3712; x_wconf 86' lang='lat' dir='ltr'>incunctanter</span> <span class='ocrx_word' id='word_1_118' title='bbox 414 3637 588 3737; x_wconf 85' lang='lat' dir='ltr'>disjiceret</span> <span class='ocrx_word' id='word_1_119' title='bbox 611 3665 632 3711; x_wconf 88' lang='lat' dir='ltr'>a</span> <span class='ocrx_word' id='word_1_120' title='bbox 656 3637 806 3730; x_wconf 73' lang='lat' dir='ltr'>foribus,</span> <span class='ocrx_word' id='word_1_121' title='bbox 833 3643 950 3716; x_wconf 84' lang='lat' dir='ltr'>statim</span> <span class='ocrx_word' id='word_1_122' title='bbox 974 3651 1074 3735; x_wconf 90' lang='lat' dir='ltr'>porta</span> <span class='ocrx_word' id='word_1_123' title='bbox 1097 3635 1208 3714; x_wconf 84' lang='lat' dir='ltr'>valvis</span> 
     </span>
    </p>
   </div>
   <div class='ocr_carea' id='block_1_6' title="bbox 80 3943 862 4024">
    <p class='ocr_par' dir='ltr' id='par_1_6' title="bbox 80 3943 862 4024">
     <span class='ocr_line' id='line_1_21' title="bbox 80 3943 862 4024; baseline 0.013 -28"><span class='ocrx_word' id='word_1_124' title='bbox 80 3943 119 3996; x_wconf 78' lang='lat' dir='ltr'>Va.</span> <span class='ocrx_word' id='word_1_125' title='bbox 140 3962 167 3998; x_wconf 94' lang='grc' dir='ltr'>ιι</span> <span class='ocrx_word' id='word_1_126' title='bbox 191 3951 272 4016; x_wconf 69' lang='lat' dir='ltr'>ungit</span> <span class='ocrx_word' id='word_1_127' title='bbox 294 3951 452 4022; x_wconf 78' lang='lat' dir='ltr'>Porphyrius</span> <span class='ocrx_word' id='word_1_128' title='bbox 475 3951 508 4006; x_wconf 84' lang='lat' dir='ltr'>de</span> <span class='ocrx_word' id='word_1_129' title='bbox 527 3956 599 4007; x_wconf 75' lang='lat' dir='ltr'>Antr.</span> <span class='ocrx_word' id='word_1_130' title='bbox 619 3955 730 4024; x_wconf 76' lang='lat' dir='ltr'>Nymph.</span> <span class='ocrx_word' id='word_1_131' title='bbox 747 3971 803 4023; x_wconf 84' lang='lat' dir='ltr'>cap.</span> <span class='ocrx_word' id='word_1_132' title='bbox 824 3969 862 4006; x_wconf 81' lang='lat' dir='ltr'>aa.</span> 
     </span>
    </p>
   </div>
   <div class='ocr_carea' id='block_1_7' title="bbox 0 0 1504 4844">
    <p class='ocr_par' dir='ltr' id='par_1_7' title="bbox 0 0 1504 4844">
     <span class='ocr_line' id='line_1_22' title="bbox 0 0 1504 4844; baseline 0 0"><span class='ocrx_word' id='word_1_133' title='bbox 0 0 1504 4844; x_wconf 95' lang='lat' dir='ltr'> </span> 
     </span>
    </p>
   </div>
  </div>
 </body>
</html>
