2840 4820
496 331 710 376 rarsosorara.
1079 315 1143 380 tto

78 501 285 592 terpretatur
308 487 332 540 ⁶⁷
361 515 369 560 ε
394 490 585 586 παραδέδοται
613 491 667 578 δὲ,
694 491 833 587 inquit,
858 499 909 563 ὑπὸ
933 511 989 564 τῶν
1011 503 1146 591 ἀρχαίων

4 691 5 696 ¹
75 608 120 669 καὶ
140 602 268 670 παλαιῶν
294 604 324 668 e's
349 601 443 695 μύᾷαυ
464 607 596 688 σχήματι
620 600 877 690 καταλελειμμένα
897 619 952 678 ταῖς
967 600 1088 698 despair,
1102 601 1145 674 irs

74 711 164 774 θεαί
187 712 219 772 τέ
244 713 316 773 εἰσιν
338 699 409 774 ὦτοι
434 707 485 770 καὶ
509 710 637 798 περιέχει
666 708 706 772 τὸ
735 708 851 774 θεῖον
880 715 931 788 τὴν
953 705 1023 788 ὅλην
1051 715 1143 806 φύσιν.

3 801 5 880 J
74 810 197 882 Eodem
217 809 326 880 modo
344 806 637 906 intelligendum,
655 808 752 906 quod
765 815 876 880 Deum
891 809 1144 909 aXenophane

3 973 4 990 α
74 921 267 988 universum
292 922 420 986 eoelum
444 917 516 988 sive
544 917 711 986 mundum
737 913 958 1012 appellatum
977 916 1079 1011 dicit3
1105 919 1146 991 in

3 1031 5 1076 l
72 1049 172 1120 quarn
190 1023 407 1096 sententiam
432 1049 474 1096 eo
499 1025 654 1095 maxime
679 1023 849 1100 inductus
867 1023 1029 1118 videtur,
1049 1026 1146 1124 quod

71 1130 180 1202 Mum
223 1127 460 1226 Xenophanes
501 1129 765 1227 praedicaverat
802 1133 990 1229 σφαιροειδῆ,
1035 1155 1146 1230 quam

71 1239 214 1336 figuram
233 1237 371 1309 mundo
387 1237 514 1309 tribuit
530 1237 746 1310 Aristoteles.
768 1239 812 1309 In
830 1263 903 1336 quo
923 1237 1051 1310 falsum
1069 1258 1146 1310 esse

71 1349 143 1444 quis
158 1371 234 1418 non
248 1347 364 1437 ridet,
387 1345 484 1442 quod
497 1347 535 1417 in
552 1360 717 1419 veterum
732 1349 916 1419 sententiis
930 1345 1148 1442 explicandis

70 1451 126 1524 ille
142 1452 262 1524 omnia
288 1451 333 1523 ad
347 1476 433 1523 snae
451 1454 594 1523 rationis
612 1477 774 1522 normam
790 1449 947 1526 revocati
960 1449 1147 1546 Quomodo

70 1585 146 1634 vero
166 1561 281 1654 hujus
305 1561 394 1630 ratio
420 1583 616 1658 congruere
650 1560 766 1655 potuit
803 1573 968 1634 veterum
998 1557 1147 1632 illorum

2 1667 3 1676 ³
71 1665 224 1762 placitis,
244 1667 311 1763 qui
334 1667 372 1736 in
398 1665 678 1763 philosophando
695 1691 762 1736 nec
781 1689 957 1764 generum
978 1665 1147 1737 distrihu-

69 1773 195 1844 tionem
221 1797 291 1843 nec
328 1773 525 1842 formarum
551 1771 805 1859 definitiones,
837 1770 971 1866 quibus
998 1769 1063 1843 ille
1085 1795 1149 1843 na·

70 1891 180 1950 turam
203 1902 350 1950 omnem
370 1877 563 1975 descripsit,
585 1875 852 1974 cognoverant?
877 1876 949 1963 Sic,
968 1888 1012 1947 ut
1029 1901 1149 1948 unum

69 1985 237 2072 afferam,
269 1985 367 2082 quod
402 1981 610 2056 Aristoteles
643 1982 688 2054 de
720 2005 885 2079 corporea
921 1980 981 2052 illa
1019 1995 1149 2055 natura

69 2091 267 2188 praedicat,
294 2096 327 2159 τὸ
351 2089 443 2162 terlio
464 2108 551 2182 σῶμα
578 2087 695 2160 tribus
717 2087 773 2160 his
799 2088 961 2158 terminis
984 2085 1148 2179 definiri,

1 2213 2 2216 ’
70 2199 181 2288 initio,
206 2197 349 2288 medio,
374 2209 559 2282 extremo,
585 2195 652 2267 hoc
668 2222 687 2267 a
706 2193 934 2291 Xenophanis
950 2195 1024 2266 Deo
1048 2219 1148 2292 pror-

69 2331 120 2376 sus
143 2303 306 2376 alienum
331 2316 394 2375 est.
412 2303 540 2400 Itaque
559 2303 686 2374 merito
705 2301 849 2374 ridetur
868 2301 957 2374 haec
973 2303 1149 2399 interpre-

69 2413 148 2482 tatio
161 2411 317 2482 refutata
336 2437 355 2480 a
373 2408 575 2505 Simplicio,
592 2421 636 2480 ut
648 2409 686 2478 in
706 2407 917 2480 Parmenide
932 2407 1146 2480 notabimus.

110 2513 310 2588 Aristotelis
343 2526 467 2586 autem
504 2513 682 2608 judicium
713 2512 879 2611 plerique
916 2516 1148 2610 posteriores,

68 2626 128 2722 qui
152 2622 388 2720 Xenophanis
409 2623 624 2692 sententiam
642 2618 871 2712 retulerunt,
890 2623 1004 2694 secuti
1021 2621 1150 2694 viden-

70 2743 125 2802 tur
153 2732 231 2821 ita,
262 2742 306 2801 ut
347 2751 412 2825 pro
449 2751 514 2798 sno
556 2729 709 2825 quisque
746 2727 892 2799 arbitrio
930 2726 1151 2825 explicarent

1 2869 2 2892 r
70 2837 162 2908 varie
187 2849 226 2908 et
252 2833 523 2932 interpolarent.
550 2831 673 2906 Cicero
695 2835 742 2904 ita
771 2833 880 2904 tradit
904 2831 961 2905 ⁶⁸:
992 2859 1013 2906 (a
1033 2834 1150 2905 Xeno-

71 2943 201 3040 phanes
230 2965 350 3013 unnm
380 2965 453 3013 esse
480 2939 599 3012 omnia
628 2940 798 3037 (dixit),
845 2965 966 3039 neque
1008 2941 1046 3013 id
1076 2962 1150 3014 esse

1 3049 2 3108 7
71 3045 257 3138 mutabile,
282 3060 319 3119 et
342 3047 380 3119 id
407 3073 479 3120 esse
504 3047 639 3137 Deum,
677 3071 798 3144 neque
824 3059 951 3118 natum
976 3071 1152 3146 nmquam

1 3177 2 3239 ἦ
71 3167 105 3228 et
128 3155 415 3252 sempiternum,
441 3151 649 3250 conglobata
676 3155 837 3252 figura.»
857 3153 959 3225 Idem
982 3151 1051 3225 alio
1075 3151 1152 3226 loco

1 3325 2 3328 ,
71 3262 140 3350 sic,
168 3273 213 3332 nt
238 3271 323 3331 ante
343 3262 620 3333 memoravimus
637 3258 661 3307 ⁶⁹
684 3285 692 3331 :
714 3259 1007 3358 «Xenophanes,
1029 3271 1152 3334 mente

1 3365 2 3396 l

1 3517 2 3526 ,
110 3471 176 3554 (67)
198 3470 324 3554 llataph.
339 3469 398 3532 ΧΠ
409 3517 417 3546 ,
437 3470 465 3534 8.
487 3493 516 3552 p.
539 3469 601 3553 744
621 3472 655 3532 Ε.
675 3473 764 3532 Miror
782 3471 999 3532 eruditissimum
1019 3469 1098 3531 Bode
1116 3469 1153 3530 de

1 3551 2 3560 ἵ
74 3563 203 3646 Orpheo,
223 3585 253 3644 p.
281 3561 336 3641 164
347 3609 355 3637 ,
378 3563 532 3644 (Gottiug.
562 3561 668 3640 1824.)
691 3565 858 3623 arbitratum
877 3582 955 3631 esse,
975 3559 1153 3621 Aristotelem

1 3654 2 3662 ’
75 3653 116 3713 tis
136 3654 229 3714 serbis
256 3655 390 3734 mysticos
414 3653 621 3730 antiquissimae
647 3652 788 3732 religionis
816 3653 890 3710 Deos
914 3649 1086 3730 significare,
1108 3663 1154 3712 to-

1 3823 2 3826 ,
75 3757 133 3804 tum
153 3745 226 3803 enim
247 3743 339 3802 locum
361 3743 464 3822 legenti
482 3743 646 3824 apparebit,
668 3763 731 3802 eum
753 3742 788 3802 ad
803 3742 929 3822 vulgares
947 3753 1072 3822 spectare
1087 3747 1155 3824 poli·

76 3845 162 3894 tarum
176 3833 306 3906 fabulas,
320 3833 419 3910 quibus
436 3833 650 3914 praeclariorem
669 3833 746 3892 hanc
760 3833 928 3892 sententiam
940 3831 1051 3892 subesse
1066 3829 1155 3910 dicit,

1 3973 2 3996 ,
78 3923 218 3984 fictionum
239 3925 408 4004 tegumentis
426 3923 591 3984 involutam.

116 4011 179 4092 (68)
198 4015 256 4088 Qu.
280 4012 367 4072 head.
389 4013 438 4083 11,
461 4035 523 4094 cap.
546 4016 596 4094 37,
703 4071 706 4079 Ι

116 4100 176 4186 (69)
198 4103 242 4163 De
261 4103 327 4164 Nat:
346 4103 432 4163 Deor.
448 4103 479 4178 l,
494 4123 555 4185 cap.
575 4124 619 4163 ιι.
