2870 4824
286 345 327 411 tt
730 361 922 405 xsnoruarus
966 391 968 398 .

282 531 396 611 certe,
420 517 520 590 hunc
546 527 583 589 et
607 511 759 587 Eleaten
779 513 887 586 fuisse
909 521 947 586 et
967 509 1196 610 Xenophauis
1218 514 1372 613 vestigia

281 639 448 702 secutum
474 621 683 722 disciplinae
707 621 753 694 ab
774 619 838 692 illo
857 619 1044 692 inchoatae
1069 620 1271 720 principem
1296 647 1372 696 ex-

281 738 418 810 stitisse.
450 735 568 805 Etiam
597 737 797 803 Heraclitus
824 741 862 802 et
889 729 1109 824 Empedoclea
1139 730 1235 802 inter
1263 729 1373 804 disci-

281 843 385 945 pulos
404 841 495 934 ¹ejus
525 865 545 911 a
574 837 761 910 nonnullis
790 848 1039 910 memorantur
1056 833 1110 929 ²⁶3
1142 861 1373 938 quamquam

281 947 502 1050 probabilius
530 945 619 1017 mihi
640 945 811 1036 videtur,
838 945 868 1016 si
889 969 962 1042 qua
985 943 1081 1016 inter
1105 967 1163 1016 eos
1186 945 1257 1017 fuit
1282 973 1373 1020 con-

280 1057 447 1154 junctio,
478 1077 558 1126 eam
588 1052 699 1150 magis
726 1049 772 1122 ad
803 1049 1012 1148 disciplinae
1042 1049 1225 1149 quandam
1260 1053 1374 1127 ratio

280 1167 410 1261 nisque
433 1155 725 1249 similitudinem,
750 1181 860 1256 quam
887 1157 931 1230 ad
954 1157 1049 1232 vitae
1064 1160 1374 1235 consuetudinem

280 1271 475 1372 pertinere.

329 1376 467 1449 Habuit
488 1385 611 1446 autem
636 1372 780 1472 longam
800 1383 838 1447 et
862 1383 1025 1472 vegetam
1050 1385 1293 1470 senectutem,
1324 1392 1375 1452 ut

280 1497 380 1585 patet
394 1481 562 1581 exipsius
575 1481 735 1554 versibus
750 1479 883 1580 quibus
894 1481 1090 1579 praedicat,
1105 1507 1141 1556 se
1155 1509 1174 1555 a
1186 1486 1316 1582 quinto
1332 1499 1376 1560 et

280 1589 447 1667 vicesimo
468 1590 609 1662 circiter
625 1587 748 1662 aetatis
768 1613 863 1660 anno
884 1611 950 1686 per
967 1599 1104 1686 septem
1130 1601 1166 1662 et
1185 1593 1375 1692 sexaginta

280 1701 449 1797 deinceps
471 1721 582 1768 annos
602 1695 752 1796 negotiis
775 1695 975 1794 studiisque
998 1697 1183 1769 intentum
1212 1711 1375 1774 aetatem

248 1809 253 1820 '
281 1809 413 1908 egisse:
428 1805 517 1878 haec
534 1827 618 1902 ergo
635 1813 892 1876 commemorat
906 1801 981 1875 duo
1005 1815 1042 1875 et
1066 1803 1261 1904 nonaginta
1291 1809 1377 1884 fere

281 1940 393 1988 annos
416 1923 524 1985 natus
550 1923 588 1983 et
610 1909 723 1982 animi
746 1910 975 2008 corporisque
998 1908 1135 1986 viribus
1160 1911 1278 1987 adhuc
1302 1939 1377 1990 va-

281 2021 383 2116 lens,
406 2032 450 2094 ut
479 2043 554 2091 non
590 2018 725 2090 mirum
748 2018 818 2108 sit,
847 2041 934 2088 eum
962 2015 1007 2089 ad
1029 2018 1265 2093 centesimum
1296 2049 1376 2095 an-

282 2155 375 2204 num
411 2128 537 2200 vixisse
563 2137 597 2196 ²⁷.
622 2126 822 2199 Memorant
844 2126 954 2198 etiam
991 2126 1112 2224 ipsum
1142 2131 1215 2202 suis
1252 2133 1376 2205 mani-

282 2239 352 2310 bus
379 2233 469 2308 filios
491 2230 693 2332 sepeliisse3
713 2231 812 2330 quod
839 2232 990 2330 quidam
1017 2237 1239 2333 paupertatis
1265 2239 1376 2314 iudi-

281 2345 398 2434 cium,
417 2339 588 2412 nonnulli
603 2339 735 2412 rectius
754 2339 895 2437 pietatis
907 2337 1063 2414 officium
1085 2357 1249 2438 censent,
1268 2349 1375 2446 quod

282 2451 328 2524 ab
351 2450 429 2522 aliis
444 2449 532 2520 item
551 2445 791 2545 philosophis,
816 2447 1043 2548 Pythagoreis
1065 2455 1296 2548 praesertim,
1317 2458 1376 2530 in·

283 2558 386 2631 stitui
422 2553 559 2628 solebat
584 2552 618 2624 ²⁸.
647 2555 744 2626 Haec
763 2553 809 2627 de
827 2553 1055 2652 Xenophanis
1077 2567 1194 2632 aetate
1215 2573 1253 2634 et
1272 2565 1374 2658 vita;

282 2663 452 2760 deinceps
470 2661 516 2734 de
541 2663 621 2756 ejus
646 2660 773 2762 studiis
797 2661 975 2758 quaedam
1002 2663 1163 2736 dicenda.

324 2933 389 3014 (26)
409 2933 527 3012 Diogen.
547 2929 579 2990 L.
598 2930 663 3004 lx,
684 2932 713 2992 5.
741 2931 828 3008 Vlll,
850 2930 899 2992 56.

323 3045 388 3127 (27)
412 3040 477 3102 Vid.
497 3041 597 3118 fragm.
611 3039 724 3100 XXIV.
745 3039 819 3100 uude
839 3053 917 3122 patet
936 3041 1264 3118 Lurianum‚laudatum
1284 3072 1373 3132 supra

282 3146 355 3195 nott.
382 3154 392 3193 ι
416 3144 444 3191 et
466 3131 501 3204 5,
520 3131 604 3189 etiarn
623 3129 653 3189 in
672 3127 726 3190 hoo
745 3129 847 3189 falsum
865 3151 942 3206 esse,
965 3131 1040 3211 quod
1059 3154 1146 3194 unum
1165 3149 1193 3194 et
1214 3145 1374 3222 nonaginta

282 3243 371 3284 annos
401 3241 464 3281 eum
491 3221 596 3282 vixisse
625 3217 730 3279 scribit.
759 3221 929 3280 Censorinus
958 3219 993 3280 de
1030 3220 1075 3281 die
1097 3225 1190 3285 Natali
1216 3249 1278 3310 cap.
1309 3231 1373 3292 XV

282 3313 353 3374 dicit
375 3335 381 3370 :
411 3309 636 3393 «Xenophanes
657 3309 848 3392 Colophonius
867 3310 955 3392 major
978 3325 1089 3372 centum
1109 3337 1246 3378 annornm
1267 3321 1334 3380 suit.
1353 3348 1369 3380 n

324 3417 390 3499 (28)
410 3419 547 3496 Diogenes
559 3417 590 3474 [ι.
608 3415 662 3489 ῙΧ,
681 3437 730 3476 20.
744 3415 813 3484 daci
827 3415 890 3478 did
909 3417 1046 3498 Oahnprds
1057 3421 1210 3504 qucrirptot
1221 3427 1246 3486 r'r
1257 3435 1298 3506 τῇ
1307 3429 1372 3511 mpl

223 3567 224 3570 ,
283 3511 389 3592 γέρας,
401 3507 448 3570 ani
467 3505 612 3568 navatem
629 3506 772 3569 diuisis
785 3513 809 3570 ir
826 3520 865 3589 τῇ
875 3507 933 3591 rrrpi
948 3509 1099 3588 attentas,
1110 3517 1172 3576 ruis
1185 3515 1273 3577 ἰδίαις
1286 3521 1372 3600 χερσὶ

282 3601 383 3676 θάψαι
396 3595 535 3662 reiecitis
547 3595 636 3670 airis,
650 3598 781 3682 suedan
795 3603 841 3662 zai
852 3603 1044 3684 Ἀναξκγόμν.
1061 3602 1096 3664 de
1107 3610 1273 3686 Anaxagora
1292 3611 1373 3670 idem

283 3694 371 3752 reiert
392 3693 441 3762 ll,
469 3693 520 3767 133
542 3689 592 3749 sed
611 3688 743 3772 deinceps
761 3691 841 3751 addit
861 3716 867 3749 :
890 3691 972 3754 densi
993 3690 1029 3754 di
1054 3701 1218 3776 serperent
1241 3697 1293 3759 ὁπ’
1316 3713 1372 3762 τᾶν

285 3786 480 3864 Πνθαγοριιιδν
498 3781 684 3863 Hesperiam
705 3781 752 3844 καὶ
774 3783 961 3865 'Opto-criden,
984 3784 1066 3847 nahai
1085 3803 1152 3862 φηη
1172 3793 1323 3873 Φαβωρῖνος
1344 3797 1371 3854 t'r

284 3875 565 3952 ἆπομιημοηνμᾶτοι
585 3871 690 3954 τρίτῃ.
712 3875 745 3933 ln
764 3874 807 3934 his
827 3877 944 3938 verbum
962 3885 1144 3960 mapinius,
1164 3883 1193 3940 h.
1214 3903 1238 3940 e.
1259 3888 1373 3944 vendi·

283 3978 347 4026 tum
373 3987 452 4038 ease,
476 3983 570 4024 errore
590 3964 767 4024 librariorum
791 3985 850 4026 esse
873 3968 1014 4030 invectum
1034 3991 1116 4032 nemo
1136 3973 1262 4046 dubitat;
1286 3977 1372 4036 rnulti

283 4057 428 4135 corrigunt
460 4056 651 4136 πιπρέχὲιι,
679 4067 707 4114 et
729 4057 977 4138 interpretantur,
1008 4063 1086 4121 idem
1110 4085 1226 4146 quoque
1253 4067 1292 4126 ab
1318 4068 1373 4128 bic
