2870 4824
297 44 309 80 l

233 237 270 302 .ss
693 256 890 302 nenorosus

240 407 432 484 Graeciam
454 407 711 508 perlustraret,
735 434 869 482 nomen
898 409 978 502 ejus
1005 408 1207 482 lectitandis
1240 433 1331 483 car-

240 518 401 594 minibus
436 517 658 592 illustratum
681 544 767 598 esse.
803 517 873 592 Sed
897 515 966 590 alia
990 542 1137 616 quoque
1158 531 1246 591 sunt
1268 519 1334 590 in-

240 623 343 698 dicia.
363 621 528 697 Primum
543 636 825 699 commemorant
838 625 950 721 ipsius
967 623 1149 721 quoddam
1165 620 1333 698 testimo·-

240 732 359 806 mium
374 731 420 804 de
431 733 636 827 Epimentde
652 732 775 831 (apud
792 731 891 829 Diog.
908 729 1023 802 Lae'rt.
1039 730 1072 819 I,
1089 743 1172 803 sect.
1195 757 1233 802 11
1248 757 1276 803 r.
1290 729 1333 828 ),

239 838 287 912 de
310 840 417 933 cujus
436 851 553 912 aetate
577 839 761 938 Ξενοφάνηςὸ
778 843 950 936 Κολοφώνιος
974 845 1125 920 ἀκηκοέναι
1142 843 1233 936 φησὶ,
1259 846 1336 907 τέτ-

239 971 318 1042 ταρα
342 953 411 1043 πρὸς
436 967 493 1025 τοῖς
510 957 688 1026 πεντήκοντα
703 951 754 1016 καὶ
767 951 869 1015 ἑκατὸν
891 944 943 1026 ἔτη
960 942 1068 1016 illum
1086 944 1222 1016 vixisse.
1240 943 1336 1041 Epi-

240 1051 427 1124 menidem
452 1077 527 1123 non
550 1051 666 1124 multo
692 1064 771 1150 post
796 1049 940 1150 Olymp.
964 1048 1013 1141 46
1039 1062 1226 1122 mortuum
1256 1075 1335 1123 esse

242 1155 430 1256 probabile
454 1170 507 1230 est
531 1185 539 1230 :
563 1184 670 1257 ergo,
688 1161 812 1248 aiunt,
832 1159 860 1230 si
878 1157 1116 1254 Xenophanes
1135 1157 1173 1230 id
1195 1183 1216 1228 a
1240 1167 1337 1230 natu

242 1263 442 1358 majoribus
466 1263 709 1348 seaudivisse,
729 1265 843 1356 dixit,
868 1276 1017 1361 apparet
1043 1288 1129 1336 eum
1153 1263 1333 1360 posterius

247 1367 400 1443 demum
418 1370 546 1443 vixisse
561 1368 595 1442 ¹³.
626 1371 677 1447 At
698 1397 783 1446 cum
802 1371 977 1470 Diogenes
996 1395 1084 1443 eum
1103 1395 1177 1442 non
1199 1396 1220 1442 a
1240 1381 1335 1444 natu

242 1475 441 1571 majoribus
469 1477 507 1550 id
531 1479 729 1575 accepisse,
753 1478 814 1551 sed
842 1489 987 1550 tantum
1013 1477 1191 1552 audivisse
1217 1475 1334 1568 dicit,

240 1580 373 1680 quidni
403 1596 553 1680 possunt
578 1583 746 1682 aequales
772 1587 852 1680 ejus
881 1582 1061 1683 intelligi,
1090 1583 1157 1681 qui
1180 1582 1337 1680 Epime-

240 1687 366 1760 nidem
401 1687 470 1786 ipsi
499 1689 706 1766 vidissent?
738 1689 869 1789 Itaque
905 1689 973 1762 hoc
1007 1681 1157 1788 quidem
1192 1687 1337 1764 levioris

241 1807 297 1869 est
330 1797 517 1870 momenti.
548 1795 704 1874 Gravius
741 1797 862 1890 illud,
896 1797 993 1898 quod
1026 1797 1072 1872 de
1111 1801 1337 1892 Pythagorae

242 1911 358 1980 aetate
374 1899 533 1976 relatum
551 1915 626 1996 est,
646 1908 752 1999 cujsu
770 1903 901 2002 placita
923 1915 962 1978 et
982 1903 1181 1976 doctrinam
1200 1928 1336 1976 aemu-

240 2009 360 2086 latum
388 2034 462 2082 esse
483 2009 761 2106 Xenophanem,
787 2009 896 2110 vulgo
921 2009 1101 2084 creditum
1119 2021 1183 2083 est.
1198 2003 1337 2103 ¹Quod,

242 2115 383 2192 etiamsi
407 2141 482 2187 non
510 2117 700 2190 audiamus
722 2117 919 2216 Diogenem
940 2117 1152 2209 Lae'rtium,
1175 2117 1241 2216 qui
1263 2117 1340 2189 Te-

244 2221 376 2323 laugae
399 2222 613 2322 Pythagorei
637 2249 724 2298 eum
748 2223 836 2296 dicit
853 2224 1080 2316 auditorem,
1109 2225 1172 2298 sed
1196 2249 1254 2297 eos
1277 2249 1341 2321 po·

241 2329 316 2404 tius
347 2353 573 2429 sequamur,
605 2331 670 2428 qui
699 2331 767 2426 ipsi
799 2329 1019 2430 Pythagorae
1056 2329 1246 2430 aequalem
1277 2330 1340 2401 fa·-

182 2525 184 2530 ,
241 2439 347 2512 ciunt
360 2435 396 2528 ¹4,
423 2439 507 2510 satis
531 2449 654 2509 tamen
683 2435 866 2529 declarat,
894 2463 981 2511 eum
1010 2433 1084 2510 non
1114 2441 1341 2537 superiorem

241 2543 465 2644 Pythagora,
491 2542 553 2616 sed
581 2556 672 2617 natu
693 2545 813 2642 potius
835 2544 1044 2618 inferiorem
1069 2545 1186 2618 fuisse.
1207 2543 1339 2638 Quid?

243 2649 343 2749 quod
367 2651 479 2747 ipsius
501 2649 673 2722 feruntur
697 2649 925 2748 Xenophanis
949 2657 1071 2724 versus
1084 2705 1096 2744 ,
1120 2650 1254 2750 quibus
1271 2676 1340 2725 ee-

243 2753 428 2830 lehratum
452 2753 547 2832 illud
571 2756 911 2856 metempsychoseos
935 2755 1110 2854 placitum
1135 2760 1274 2856 tangit,
1299 2770 1341 2831 et

242 2864 289 2940 de
315 2865 515 2966 Pythagora
544 2865 594 2938 sic
626 2865 770 2964 prodit,
799 2865 917 2944 veluti
942 2865 1134 2942 hominum
1163 2867 1258 2940 fama
1283 2866 1332 2940 de

284 3132 351 3210 (13)
370 3131 432 3192 Hoc
452 3144 616 3211 argumento
636 3131 727 3204 utitur
744 3131 883 3196 Dodwell.
900 3129 936 3193 de
948 3143 1037 3195 veter.
1056 3132 1156 3194 Graec.
1175 3144 1204 3194 et
1216 3133 1340 3194 Roman.

243 3219 331 3302 cyclis
353 3241 383 3302 p.
407 3218 474 3297 134.
495 3219 671 3302 Epimenidis
691 3234 809 3282 aetatem
830 3221 877 3282 hic
895 3222 965 3282 facit
984 3223 1068 3283 etiarn
1088 3224 1236 3294 seriorem,
1255 3241 1341 3300 quem

243 3311 343 3371 statuit
365 3309 479 3392 Olymp.
500 3307 558 3388 54,
576 3332 601 3370 a.
618 3309 649 3390 4.
666 3331 726 3371 csse
740 3324 900 3384 montrum,
916 3309 992 3392 quod
1008 3312 1113 3373 merito
1132 3311 1175 3372 (ll.
1188 3309 1336 3372 Heinrich.

242 3397 404 3483 Epimenid.
425 3421 453 3482 p.
470 3397 510 3478 24
530 3401 712 3482 improbavit.
733 3401 913 3463 Dodwellum
930 3399 1026 3462 laudat
1043 3414 1071 3462 ct
1085 3404 1210 3482 sequitur
1227 3399 1339 3462 Harles.

245 3492 277 3552 in
297 3491 409 3552 Fabrie.
429 3489 503 3552 Bihl.
526 3490 579 3552 Gr.
600 3492 635 3552 T.
654 3492 702 3568 ll,
724 3513 753 3574 p.
768 3491 840 3554 615.

286 3579 346 3660 (14)
368 3581 488 3662 Diogen.
513 3579 546 3639 [ι.
577 3601 701 3661 prooem.
724 3593 792 3642 sect.
825 3581 879 3654 15,
902 3585 1014 3646 Italicae
1034 3596 1125 3645 sectae
1144 3581 1218 3643 hano
1238 3581 1342 3642 seriem

242 3669 330 3734 fuisse
354 3669 424 3730 (licit
448 3695 456 3734 t
485 3669 658 3752 &spumidum
678 3670 853 3751 (dcticooet)
881 3675 1065 3756 Πυθκγίμς,
1094 3671 1123 3735 el
1145 3669 1298 3745 Tthaeoytlr
1327 3672 1343 3731 ἶ

245 3755 319 3834 sits,
343 3757 372 3820 al
398 3759 569 3841 ειιοφᾶιησ,
590 3755 619 3822 ai
638 3761 825 3845 nappm'dqc.
848 3764 903 3824 Hic
930 3762 1081 3824 Eleaticam
1103 3775 1207 3824 sectam
1229 3775 1257 3822 et
1283 3762 1341 3842 Py-

224 3851 436 3933 *thagorioam,
456 3865 588 3934 cognatas
607 3853 720 3933 quidem
741 3853 823 3930 illas,
844 3867 967 3916 attamen
986 3854 1111 3915 diversas
1131 3854 1205 3912 inter
1223 3871 1253 3912 se
1271 3873 1341 3912 con-

247 3941 332 4003 fudit.
343 3942 493 4022 Aequalem
505 3945 699 4028 Pythagorae
713 3944 997 4028 Xenophanemsacit
1007 3957 1106 4006 auctor
1116 3941 1254 4024 Theolog.
1276 3940 1296 4002 l.
1315 3941 1336 4002 l.
