2870 4824
284 321 329 386 24
734 339 926 384 xarornarus

287 507 388 589 μάτων
411 491 447 566 ⁵¹.
470 494 590 590 Hujus
612 493 858 566 testimonium
881 503 919 566 et
941 489 1131 564 auctoritas
1153 488 1220 564 etsi
1243 487 1380 562 multis

287 601 486 700 persuasit,
522 598 646 699 plures
687 612 809 703 tamen
850 599 950 697 iique
981 597 1172 670 doctissimi
1199 595 1297 688 viri,
1330 607 1380 668 ut

284 711 361 803 jam
382 707 524 780 dudum
551 705 732 779 Stanleius
763 717 800 779 et
817 705 997 778 Fabricius
1016 716 1054 778 et
1075 728 1194 801 nuper
1210 701 1376 794 cousin,

287 814 357 888 hoc
378 815 580 887 carminum
603 839 717 913 genus
742 813 954 911 Xenophani
978 811 1232 908 abjudicarunt
1258 808 1296 882 ⁵².
1329 811 1377 882 Et

288 921 447 1018 profecto
471 921 608 993 mirum
633 921 815 1012 videatur,
839 918 951 1009 illud,
975 920 1005 990 si
1028 943 1048 989 a
1069 916 1290 1015 Xenophane
1316 941 1374 988 ce-

287 1025 469 1100 lebratum
493 1039 606 1117 esset,
625 1039 670 1098 ut
690 1035 825 1102 novum
848 1041 884 1100 et
908 1025 952 1099 ad
975 1024 1169 1124 tangendos
1182 1024 1376 1095 bominum

288 1145 429 1206 mentes
446 1134 699 1232 compositum,
724 1160 798 1206 non
816 1135 987 1228 majorem
1009 1131 1108 1230 apud
1130 1131 1295 1229 antiquos
1316 1154 1376 1202 ce-

289 1238 495 1313 lebritatem
523 1241 697 1340 adeptum
726 1266 829 1334 esse,
854 1239 915 1314 sed
944 1252 1023 1338 post
1051 1237 1158 1310 illum
1188 1250 1377 1310 auctorem

290 1345 410 1416 subito
430 1346 652 1419 obmutuisse
676 1359 712 1419 et
736 1346 852 1420 tribus
876 1347 1025 1419 demum
1053 1357 1132 1442 post
1159 1343 1289 1418 seculis
1318 1367 1374 1414 re-

290 1465 420 1524 natum
444 1479 517 1527 esse
547 1466 693 1527 auctore
720 1455 891 1546 Timone,
914 1455 979 1553 qui
996 1465 1011 1524 ὸ
1030 1455 1225 1551 Σιλλόγραφος
1243 1475 1372 1546 cogno-

290 1560 450 1632 minatus
468 1572 506 1632 et
527 1563 694 1659 princeps
710 1560 822 1658 hujus
836 1561 1002 1634 carminis
1021 1557 1170 1650 habitus
1185 1569 1248 1631 est.
1268 1555 1375 1629 Unde

291 1665 404 1762 igitur
446 1667 511 1737 ista
554 1665 732 1739 traditio?
771 1668 982 1766 Repetenda
1035 1663 1179 1740 ridetur
1216 1663 1263 1736 ab
1313 1664 1375 1734 in-

291 1770 373 1844 dole
402 1775 481 1867 ejus
503 1797 701 1865 versuum,
731 1767 865 1872 quibus
887 1775 926 1846 in
949 1772 1143 1846 nonnullos
1165 1770 1377 1870 praesertim

290 1879 456 1954 clariores
482 1881 575 1954 viros
599 1880 748 1955 liberius
771 1895 861 1956 esset
885 1883 1072 1956 invectusz'
1096 1883 1145 1953 ita
1170 1879 1376 1977 argumenti

292 1989 449 2086 quadam
461 1988 697 2062 similitudine
713 1991 849 2063 factum
862 2015 952 2081 esse,
969 2002 1013 2062 ut
1025 1989 1155 2060 horum
1171 1987 1375 2060 carminum

292 2095 467 2192 originem
491 2095 536 2166 ad
561 2093 670 2167 illum
699 2096 893 2169 retulerint
919 2108 1125 2187 auctorem3
1152 2119 1374 2192 quamquam

293 2199 456 2274 sillorum
482 2226 615 2274 nomen
649 2213 686 2274 et
706 2203 857 2274 fonnem
880 2201 1092 2301 Xenophani
1114 2201 1277 2276 existimo
1301 2224 1375 2272 non

291 2309 403 2406 magis
425 2319 546 2379 notam
570 2308 699 2396 fuisse,
727 2334 838 2407 quam
864 2309 962 2409 quod
991 2309 1139 2408 quidam
1164 2307 1376 2403 judicarunt

294 2413 494 2487 Homerum
526 2415 638 2511 hujus
658 2418 798 2514 generis
834 2431 1019 2490 auctorem
1047 2415 1256 2488 habendum
1282 2439 1370 2508 esse,

292 2521 391 2619 quod
402 2521 598 2595 Thersitem
613 2524 729 2616 jocose
744 2524 941 2596 induxisset
958 2523 1136 2622 principes
1153 2519 1376 2595 Graecorum

292 2625 533 2700 cavillantem.
562 2629 772 2703 Eustatbius
801 2631 846 2702 ad
868 2629 968 2703 Iliad.
987 2633 1027 2703 B.
1059 2655 1108 2705 vs.
1127 2655 1215 2720 ara,
1234 2655 1271 2726 p.
1289 2629 1372 2720 aod.

291 2744 314 2804 oi
338 2735 371 2804 di
394 2736 510 2804 παλαιοὶ
524 2751 786 2831 παρασημειοῡνται
812 2744 969 2828 ἐνταῦθα,
993 2739 1036 2810 ὅτι
1059 2739 1088 2807 ον’
1106 2745 1188 2829 μόνον
1215 2737 1373 2832 Ξενοφάνης

292 2851 426 2923 πεποίηκε
449 2844 564 2920 σίλλους
592 2845 681 2921 siecle
706 2844 904 2938 sddcmbmsu,
931 2847 1009 2914 ἀλλὰ
1036 2851 1087 2913 καὶ
1105 2848 1199 2912 τοῦτον
1222 2854 1267 2911 aot
1292 2843 1374 2919 εἶ’δννς

292 2965 401 3043 πρῶτος
429 2953 573 3044 campise
588 2948 744 3047 Ὅμηρος,
777 2954 866 3030 ε’νοῖς
894 2957 978 3031 αὑτός
1007 2979 1038 3020 τε
1065 2955 1111 3020 τὸν
1136 2953 1281 3046 Θερσίτην
1308 2952 1372 3018 σιλ-

293 3057 412 3148 λαίνει,
442 3060 493 3124 καὶ
518 3065 533 3124 ὁ
565 3057 708 3152 Θερσίτης
737 3061 797 3137 acle
825 3059 959 3144 βασιλεῖς
983 3055 1018 3128 ⁵³.
1047 3053 1373 3130 Grammaticorum

295 3183 379 3258 ergo
406 3160 565 3236 acumini
592 3161 660 3235 hoc
688 3176 935 3238 commentum
964 3161 1089 3237 deberi
1116 3187 1190 3235 non
1217 3159 1370 3234 dubium

336 3395 400 3477 (51)
422 3397 524 3460 Strabo
540 3399 601 3462 loco
615 3421 700 3484 supra
727 3422 757 3483 p.
779 3423 808 3463 2.
830 3403 925 3463 citato.
940 3401 1109 3464 Scholiastcs
1123 3399 1267 3482 Aristoplr.
1297 3400 1371 3461 infra

292 3485 392 3567 fragm.
415 3488 544 3550 XXVll.
1336 3497 1341 3508 “

336 3568 400 3651 (52)
422 3571 560 3633 Stanleius
594 3573 660 3636 hist.
695 3571 793 3653 philos.
818 3595 845 3654 p.
873 3572 934 3657 872
957 3595 998 3653 sq.
1023 3573 1099 3654 cujus
1122 3573 1289 3634 sententiam
1314 3574 1370 3653 pri-

291 3675 367 3718 mum
388 3661 502 3742 rejecit,
524 3683 590 3723 mox
608 3683 676 3724 vero
697 3661 890 3744 comprobarit
909 3663 1071 3740 Fabricium
1092 3662 1169 3722 hunc
1189 3661 1312 3744 plerique
1330 3683 1370 3722 sc·

293 3747 351 3804 cuti
374 3761 449 3808 sunt.
474 3748 539 3810 Vid.
565 3751 709 3812 Harlesius
731 3753 762 3810 in
785 3752 894 3812 Fabric.
919 3753 993 3814 Bibl.
1016 3753 1065 3814 Gr.
1087 3753 1122 3812 T.
1140 3752 1184 3827 ll,
1204 3773 1232 3833 p.
1250 3749 1310 3812 616
1328 3771 1368 3830 sq.

294 3835 330 3896 V.
351 3837 463 3898 Cousin.
483 3840 504 3900 l.
528 3841 547 3901 l.
567 3864 596 3924 p.
621 3845 659 3904 23
678 3863 720 3921 sq.
746 3844 852 3904 Contra
869 3843 1015 3906 Strabonis
1032 3844 1226 3906 auctoritatem
1250 3841 1368 3922 sequitur

293 3925 447 3988 Groddeck
464 3931 549 3992 Initia
563 3932 629 3994 bist.
647 3935 690 3994 lit.
709 3935 734 4010 Ι,
756 3933 772 4016 3
790 3934 840 4018 47.

331 4017 397 4101 (53)
420 4019 464 4082 cf.
488 4023 628 4088 scholiast.
647 4025 757 4088 Villois.
779 4026 814 4088 ad
834 4025 914 4089 Iliad.
935 4041 964 4101 β.
984 4048 1052 4089 ara.
