2924 4820
530 393 613 444 Vtra
635 393 682 442 H
702 393 843 444 mne.
1199 389 1219 448 9

76 587 83 602 ·
153 577 274 638 tonem
297 571 334 634 et
355 559 536 634 laertium
560 573 773 654 atatnamne,
796 576 939 662 tempus
961 565 1221 667 quoParmeni·

149 685 205 760 dia
227 683 291 759 flos
313 697 352 758 et
374 683 559 759 maturitas
580 685 794 779 continetur,
817 685 910 759 intra
934 685 1073 788 Olymp.
1086 681 1219 790 '69-80‚

149 833 180 880 a.
207 803 292 879 Chr.
319 803 484 900 dod-460
508 829 583 879 enee
605 804 814 905 ponendum
833 803 886 880 ¹⁶.
923 807 966 879 ln
990 806 1057 881 hoc
1080 817 1220 910 tempu'o
1285 860 1287 868 ·

147 928 369 1005 conveniunt
391 955 537 1031 qnoque
561 925 589 1002 ii
612 931 677 1030 qni
694 955 778 1004 cnm
794 927 1004 1005 Parmenide
1015 943 1127 1008 aetate
1137 959 1221 1008 con·

147 1048 263 1146 juncti
279 1049 449 1126 fucrant:
472 1049 725 1150 Xenophanes,
743 1049 980 1126 Eleaticcmm
995 1079 1144 1152 parens,
1163 1055 1222 1132 flo-

149 1173 224 1248 mit
246 1170 387 1274 Olymp.
411 1173 549 1249 circiter
566 1173 634 1270 603
664 1172 862 1250 Heraclitus
883 1187 1020 1269 nutem,
1043 1179 1107 1279 qui
1128 1179 1221 1252 Par-

149 1291 284 1368 menidi
303 1295 379 1370 fere
400 1295 555 1398 aequalia
577 1297 668 1390 fait,
694 1296 835 1400 Olymp.
858 1295 924 1396 69,
948 1299 1043 1374 Zeno
1065 1300 1142 1401 eina
1162 1327 1223 1375 au·

151 1413 265 1509 ditor,
283 1415 440 1518 aequalis
460 1417 536 1492 fare
557 1420 799 1518 Anaxagorae,
823 1419 964 1522 Olymp.
992 1447 1040 1524 79
1064 1420 1222 1497 floruisse

149 1551 348 1635 ponantur.
373 1539 430 1613 Sic
451 1551 654 1638 temporum
675 1539 760 1616 ordo
775 1539 1066 1644 philosophorum
1082 1569 1222 1618 succes-

151 1659 240 1735 aioni
259 1661 457 1762 respondet.
562 1739 565 1746 ,

615 1802 726 1930 'aa

198 2031 252 2105 De
285 2011 505 2107 Parmenidia
537 2035 609 2110 rita
642 2057 715 2106 non
739 2032 809 2107 nisi
832 2059 945 2132 panca
968 2031 1222 2128 contundite,

153 2175 174 2226 e
203 2151 335 2252 quibua
358 2165 478 2228 tamen
503 2153 679 2254 conjicere
701 2151 802 2228 nobie
825 2154 927 2249 licet,
961 2154 1059 2257 quali
1082 2157 1223 2255 ingenio

151 2273 350 2374 praeditae,
385 2301 458 2376 qua
486 2277 708 2352 institutione
732 2275 894 2352 eruditus
917 2293 990 2353 tam
1015 2277 1161 2352 illustria
1184 2277 1222 2349 in
1235 2259 1245 2348 ,¹

151 2393 367 2498 philosophia
391 2399 573 2472 exstiterit.
616 2400 730 2474 Natos
753 2398 861 2474 Eleae
884 2399 1020 2476 audivit
1043 2397 1219 2472 Xanorna·

152 2541 222 2590 ann
245 2519 416 2620 grandem
440 2533 530 2596 natu
553 2519 751 2596 adolescens
779 2530 839 2615 ¹⁷‚·
862 2545 884 2596 e
903 2521 1006 2622 cujus
1029 2518 1224 2622 praeceptis

153 2741 231 2789 runt:
249 2729 374 2788 Euaebiua
393 2737 488 2788 onon.
501 2735 592 2790 atron
608 2737 707 2808 olymp.
727 2737 794 2800 ate'r
811 2737 943 2806 Synceliua
958 2735 1101 2804 Chronogr.
1123 2737 1224 2808 Oiynp.

153 2825 192 2878 88.
208 2827 253 2892 (ex
279 2825 419 2895 Africano).
464 2828 570 2882 Videtur
595 2830 720 2901 quaedam
741 2831 874 2884 doctrinae
902 2839 930 2884 et
961 2829 1066 2882 rationia
1086 2829 1224 2884 similitudo

152 2914 193 2966 rel
212 2913 320 2968 affinitate
339 2915 406 2969 hanc
424 2915 599 2971 consutionem
621 2922 757 2990 peperiaae.
783 2919 988 2990 Anonymuarit.
1005 2917 1109 2986 Pythag.
1127 2929 1188 2972 tect.
1200 2923 1226 2982 8,

154 3003 276 3068 (Karter.)
300 3005 478 3058 Parmenidem
489 3012 517 3058 et
527 3009 658 3060 Zenonem
676 3009 789 3062 Platonis
808 3009 929 3062 videlicet
947 3009 975 3060 ia
1000 3005 1133 3060 dialectica
1152 3025 1226 3078 prae·

153 3101 269 3164 ceptam
296 3093 373 3147 tacit:
395 3103 445 3166 τῆς
462 3097 571 3166 λογικῆς
589 3101 735 3170 σπέρματα
754 3101 929 3167 καταβαλεῖν
948 3097 1023 3169 αὐτῷ
1045 3099 1159 3168 Ζήνωνα
1177 3102 1225 3151 καὶ

155 3184 338 3256 Παρμενδδην
356 3189 422 3249 τοὺς
439 3185 585 3249 ’neaerae
605 3188 686 3244 Simili
703 3196 761 3260 jure
770 3191 948 3260 Thucydidem
959 3190 1035 3244 iiceat
1046 3189 1225 3245 Demoathenie

155 3285 351 3347 praeceptorem
374 3279 513 3350 appellare.

185 3389 242 3458 (16)
259 3391 378 3445 Strictim
393 3392 567 3448 determinare
583 3395 639 3464 eina
653 3401 765 3448 aetatem
776 3393 905 3448 nolanam.
917 3393 1032 3448 Medium
1044 3393 1100 3446 sere
1109 3401 1226 3448 tenemur

154 3477 221 3534 inter
248 3481 387 3534 dominnm
411 3485 497 3538 Noua.
512 3485 614 3553 Fragm.
630 3502 655 3554 p.
674 3501 706 3554 97
717 3501 754 3556 aq.
771 3485 816 3556 qni
835 3483 1012 3536 Parmenidem
1029 3491 1119 3534 natum
1138 3493 1227 3536 censet

154 3571 256 3625 circiter
275 3573 375 3644 Olymp.
393 3574 437 3644 θὶς
453 3575 489 3629 aic
500 3592 560 3629 vero
569 3593 651 3629 annue
659 3576 817 3629 Parmenidie
828 3579 994 3642 eexageatmue
1006 3573 1111 3644 qnintna
1121 3589 1184 3634 non.
1197 3585 1228 3627 nt

154 3661 196 3716 ilie
207 3672 345 3734 supputet,
355 3667 492 3735 pueritiam
503 3667 621 3728 Scantia
631 3667 676 3719 red
685 3667 729 3720 vix
738 3667 849 3718 natalem
859 3667 935 3733 hnjna
947 3681 1043 3717 annum
1054 3663 1185 3728 attigissem
1195 3691 1228 3704 —

156 3759 183 3806 et
204 3753 354 3808 Glintonnm
369 3755 440 3808 Part.
455 3756 555 3810 Hellen.
571 3773 597 3827 p.
615 3755 664 3818 364
680 3763 728 3808 not
743 3755 771 3818 b,
786 3755 874 3826 quint
890 3753 1049 3808 Parmenidia
1070 3759 1228 3805 renectutem

157 3859 214 3896 cnm
231 3845 344 3898 Socrati·
360 3845 531 3900 maturauit·
548 3847 680 3908 conciliet,
698 3861 758 3899 enm
774 3854 863 3898 natum
881 3853 958 3915 putat
975 3843 1078 3896 circiter
1088 3841 1186 3912 olymp.
1195 3839 1229 3895 65

156 3933 189 3994 (ι.
204 3932 265 3986 Chr.
284 3933 362 4004 519);
378 3934 428 3989 hac
443 3955 507 3991 vero
525 3939 624 3993 ratione
640 3935 805 3992 Parmenides
820 3935 863 3989 rix
880 3935 996 4007 ephebus
1010 3933 1110 3994 suimet,
1124 3941 1229 3986 mortno

159 4021 328 4094 Xenophane,
348 4026 394 4096 qni
410 4029 466 4095 eina
483 4033 637 4100 praeceptor
652 4035 693 4082 eet
707 4026 818 4080 habitur.

191 4128 248 4198 (¹7)
261 4131 409 4186 Aristotelea
415 4131 464 4186 hoc
477 4132 557 4188 refert
570 4141 599 4187 ut
612 4132 826 4200 rulgoareditum.
833 4129 946 4200 Metaph.
956 4131 977 4192 1,
984 4127 1120 4200 {apdiffi
1126 4131 1220 4185 dicem:
