<?xml version="1.0" encoding="UTF-8"?>
<!DOCTYPE html PUBLIC "-//W3C//DTD XHTML 1.0 Transitional//EN"
    "http://www.w3.org/TR/xhtml1/DTD/xhtml1-transitional.dtd">
<html xmlns="http://www.w3.org/1999/xhtml" xml:lang="en" lang="en">
 <head>
  <title>
</title>
<meta http-equiv="Content-Type" content="text/html;charset=utf-8" />
  <meta name='ocr-system' content='tesseract 3.04.00' />
  <meta name='ocr-capabilities' content='ocr_page ocr_carea ocr_par ocr_line ocrx_word'/>
</head>
<body>
  <div class='ocr_page' id='page_1' title='image "./philosophorumgr01xenogoog_0480.png"; bbox 0 0 2942 4830; ppageno 0'>
   <div class='ocr_carea' id='block_1_1' title="bbox 278 399 959 460">
    <p class='ocr_par' dir='ltr' id='par_1_1' title="bbox 278 399 959 460">
     <span class='ocr_line' id='line_1_1' title="bbox 278 399 959 460; baseline -0.013 0"><span class='ocrx_word' id='word_1_1' title='bbox 278 399 342 460; x_wconf 81' lang='lat'><strong>214</strong></span> <span class='ocrx_word' id='word_1_2' title='bbox 675 407 723 454; x_wconf 79' lang='lat' dir='ltr'><strong>nn</strong></span> <span class='ocrx_word' id='word_1_3' title='bbox 743 401 959 452; x_wconf 74' lang='lat' dir='ltr'><strong>nannum</strong></span> 
     </span>
    </p>
   </div>
   <div class='ocr_carea' id='block_1_2' title="bbox 272 562 1453 2015">
    <p class='ocr_par' dir='ltr' id='par_1_2' title="bbox 278 562 1356 776">
     <span class='ocr_line' id='line_1_2' title="bbox 278 562 1356 675; baseline -0.01 -26"><span class='ocrx_word' id='word_1_4' title='bbox 278 579 339 667; x_wconf 81' lang='lat' dir='ltr'><strong>eit,</strong></span> <span class='ocrx_word' id='word_1_5' title='bbox 363 575 431 648; x_wconf 86' lang='lat' dir='ltr'><strong>dici</strong></span> <span class='ocrx_word' id='word_1_6' title='bbox 454 562 627 675; x_wconf 78' lang='lat' dir='ltr'><strong>nequeat,</strong></span> <span class='ocrx_word' id='word_1_7' title='bbox 645 587 683 646; x_wconf 89' lang='lat' dir='ltr'><strong>et</strong></span> <span class='ocrx_word' id='word_1_8' title='bbox 702 593 847 672; x_wconf 80' lang='lat' dir='ltr'><strong>promus</strong></span> <span class='ocrx_word' id='word_1_9' title='bbox 866 567 909 642; x_wconf 88' lang='lat' dir='ltr'><strong>ad</strong></span> <span class='ocrx_word' id='word_1_10' title='bbox 928 567 1081 640; x_wconf 89' lang='lat' dir='ltr'><strong>nihilum</strong></span> <span class='ocrx_word' id='word_1_11' title='bbox 1103 566 1178 642; x_wconf 85' lang='lat' dir='ltr'><strong>sire</strong></span> <span class='ocrx_word' id='word_1_12' title='bbox 1198 591 1272 638; x_wconf 90' lang='lat' dir='ltr'><strong>uon</strong></span> <span class='ocrx_word' id='word_1_13' title='bbox 1291 591 1356 640; x_wconf 82' lang='lat' dir='ltr'><strong>eno</strong></span> 
     </span>
     <span class='ocr_line' id='line_1_3' title="bbox 278 695 481 776; baseline -0.034 0"><span class='ocrx_word' id='word_1_14' title='bbox 278 695 481 776; x_wconf 79' lang='lat' dir='ltr'><strong>reducatur.</strong></span> 
     </span>
    </p>

    <p class='ocr_par' dir='ltr' id='par_1_3' title="bbox 272 811 1453 2015">
     <span class='ocr_line' id='line_1_4' title="bbox 326 811 1356 918; baseline -0.009 -26"><span class='ocrx_word' id='word_1_15' title='bbox 326 817 384 892; x_wconf 91' lang='lat' dir='ltr'><strong>Ob</strong></span> <span class='ocrx_word' id='word_1_16' title='bbox 408 818 470 892; x_wconf 85' lang='lat' dir='ltr'><strong>hae</strong></span> <span class='ocrx_word' id='word_1_17' title='bbox 500 817 656 918; x_wconf 85' lang='lat' dir='ltr'><strong>aliaeque</strong></span> <span class='ocrx_word' id='word_1_18' title='bbox 672 818 824 891; x_wconf 78' lang='lat' dir='ltr'><strong>rationes</strong></span> <span class='ocrx_word' id='word_1_19' title='bbox 845 811 1064 888; x_wconf 80' lang='lat' dir='ltr'><strong>Parmenidio</strong></span> <span class='ocrx_word' id='word_1_20' title='bbox 1087 811 1210 911; x_wconf 84' lang='lat' dir='ltr'><strong>placita</strong></span> <span class='ocrx_word' id='word_1_21' title='bbox 1227 811 1356 884; x_wconf 80' lang='lat' dir='ltr'><strong>acriter</strong></span> 
     </span>
     <span class='ocr_line' id='line_1_5' title="bbox 277 931 1356 1034; baseline -0.013 -18"><span class='ocrx_word' id='word_1_22' title='bbox 277 941 430 1016; x_wconf 71' lang='lat' dir='ltr'><strong>reformo</strong></span> <span class='ocrx_word' id='word_1_23' title='bbox 453 954 539 1015; x_wconf 80' lang='lat' dir='ltr'><strong>aunt</strong></span> <span class='ocrx_word' id='word_1_24' title='bbox 560 967 580 1012; x_wconf 82' lang='lat' dir='ltr'><strong>o</strong></span> <span class='ocrx_word' id='word_1_25' title='bbox 601 937 749 1013; x_wconf 79' lang='lat' dir='ltr'><strong>Platone</strong></span> <span class='ocrx_word' id='word_1_26' title='bbox 765 951 802 1012; x_wconf 84' lang='lat' dir='ltr'><strong>ot</strong></span> <span class='ocrx_word' id='word_1_27' title='bbox 816 933 1022 1026; x_wconf 75' lang='lat' dir='ltr'><strong>Aristotele,</strong></span> <span class='ocrx_word' id='word_1_28' title='bbox 1039 935 1104 1034; x_wconf 85' lang='lat' dir='ltr'><strong>qui</strong></span> <span class='ocrx_word' id='word_1_29' title='bbox 1120 931 1356 1006; x_wconf 70' lang='lat' dir='ltr'><strong>ostenderunt</strong></span> 
     </span>
     <span class='ocr_line' id='line_1_6' title="bbox 277 1055 1355 1156; baseline -0.013 -20"><span class='ocrx_word' id='word_1_30' title='bbox 277 1087 342 1136; x_wconf 88' lang='lat' dir='ltr'><strong>cns</strong></span> <span class='ocrx_word' id='word_1_31' title='bbox 362 1089 434 1137; x_wconf 90' lang='lat' dir='ltr'><strong>non</strong></span> <span class='ocrx_word' id='word_1_32' title='bbox 457 1087 531 1136; x_wconf 80' lang='lat' dir='ltr'><strong>ecee</strong></span> <span class='ocrx_word' id='word_1_33' title='bbox 549 1087 689 1153; x_wconf 91' lang='lat' dir='ltr'><strong>unum,</strong></span> <span class='ocrx_word' id='word_1_34' title='bbox 712 1060 773 1136; x_wconf 80' lang='lat' dir='ltr'><strong>aed</strong></span> <span class='ocrx_word' id='word_1_35' title='bbox 792 1055 999 1156; x_wconf 79' lang='lat' dir='ltr'>multiplex,</span> <span class='ocrx_word' id='word_1_36' title='bbox 1021 1081 1089 1130; x_wconf 85' lang='lat' dir='ltr'><strong>nec</strong></span> <span class='ocrx_word' id='word_1_37' title='bbox 1111 1079 1177 1154; x_wconf 78' lang='lat' dir='ltr'><strong>per</strong></span> <span class='ocrx_word' id='word_1_38' title='bbox 1197 1080 1236 1128; x_wconf 84' lang='lat' dir='ltr'><strong>oe</strong></span> <span class='ocrx_word' id='word_1_39' title='bbox 1267 1077 1355 1125; x_wconf 85' lang='lat' dir='ltr'><strong>con-</strong></span> 
     </span>
     <span class='ocr_line' id='line_1_7' title="bbox 278 1174 1356 1278; baseline -0.008 -22"><span class='ocrx_word' id='word_1_40' title='bbox 278 1198 389 1277; x_wconf 85' lang='lat' dir='ltr'><strong>stare,</strong></span> <span class='ocrx_word' id='word_1_41' title='bbox 412 1185 482 1272; x_wconf 82' lang='lat' dir='ltr'><strong>aed¹</strong></span> <span class='ocrx_word' id='word_1_42' title='bbox 494 1184 567 1258; x_wconf 81' lang='lat' dir='ltr'><strong>aliie</strong></span> <span class='ocrx_word' id='word_1_43' title='bbox 590 1211 674 1260; x_wconf 90' lang='lat' dir='ltr'><strong>cum</strong></span> <span class='ocrx_word' id='word_1_44' title='bbox 693 1183 801 1258; x_wconf 84' lang='lat' dir='ltr'><strong>rebua</strong></span> <span class='ocrx_word' id='word_1_45' title='bbox 818 1206 893 1256; x_wconf 82' lang='lat' dir='ltr'><strong>eaeo</strong></span> <span class='ocrx_word' id='word_1_46' title='bbox 913 1177 1157 1278; x_wconf 81' lang='lat' dir='ltr'><strong>conjunctum.</strong></span> <span class='ocrx_word' id='word_1_47' title='bbox 1197 1174 1249 1248; x_wconf 83' lang='lat' dir='ltr'><strong>·1d</strong></span> <span class='ocrx_word' id='word_1_48' title='bbox 1273 1199 1356 1249; x_wconf 85' lang='lat' dir='ltr'><strong>rem</strong></span> 
     </span>
     <span class='ocr_line' id='line_1_8' title="bbox 277 1287 1356 1404; baseline -0.008 -28"><span class='ocrx_word' id='word_1_49' title='bbox 277 1305 440 1380; x_wconf 89' lang='lat' dir='ltr'><strong>nondum</strong></span> <span class='ocrx_word' id='word_1_50' title='bbox 456 1287 593 1382; x_wconf 78' lang='lat' dir='ltr'><strong>viderat</strong></span> <span class='ocrx_word' id='word_1_51' title='bbox 606 1303 844 1379; x_wconf 75' lang='lat' dir='ltr'><strong>Parmeniden.</strong></span> <span class='ocrx_word' id='word_1_52' title='bbox 895 1301 960 1375; x_wconf 85' lang='lat' dir='ltr'><strong>llic</strong></span> <span class='ocrx_word' id='word_1_53' title='bbox 978 1299 1141 1376; x_wconf 84' lang='lat' dir='ltr'><strong>videlicet</strong></span> <span class='ocrx_word' id='word_1_54' title='bbox 1156 1323 1220 1372; x_wconf 84' lang='lat' dir='ltr'><strong>ena</strong></span> <span class='ocrx_word' id='word_1_55' title='bbox 1236 1299 1356 1404; x_wconf 67' lang='lat' dir='ltr'><strong>ippum</strong></span> 
     </span>
     <span class='ocr_line' id='line_1_9' title="bbox 272 1403 1453 1526; baseline -0.006 -27"><span class='ocrx_word' id='word_1_56' title='bbox 272 1451 343 1526; x_wconf 66' lang='lat' dir='ltr'><strong>«per</strong></span> <span class='ocrx_word' id='word_1_57' title='bbox 364 1452 401 1500; x_wconf 85' lang='lat' dir='ltr'><strong>oc</strong></span> <span class='ocrx_word' id='word_1_58' title='bbox 424 1426 666 1518; x_wconf 77' lang='lat' dir='ltr'><strong>considerans,</strong></span> <span class='ocrx_word' id='word_1_59' title='bbox 688 1451 760 1500; x_wconf 91' lang='lat' dir='ltr'><strong>non</strong></span> <span class='ocrx_word' id='word_1_60' title='bbox 783 1451 927 1500; x_wconf 87' lang='lat' dir='ltr'><strong>rerum</strong></span> <span class='ocrx_word' id='word_1_61' title='bbox 957 1437 1240 1520; x_wconf 84' lang='lat' dir='ltr'><strong>naturaeque</strong></span> <span class='ocrx_word' id='word_1_62' title='bbox 1256 1419 1357 1494; x_wconf 83' lang='lat' dir='ltr'><strong>veri-</strong></span> <span class='ocrx_word' id='word_1_63' title='bbox 1452 1403 1453 1416; x_wconf 11' lang='grc' dir='ltr'>ἵ</span> 
     </span>
     <span class='ocr_line' id='line_1_10' title="bbox 277 1543 1356 1648; baseline -0.007 -25"><span class='ocrx_word' id='word_1_64' title='bbox 277 1561 407 1642; x_wconf 83' lang='lat' dir='ltr'><strong>tatem,</strong></span> <span class='ocrx_word' id='word_1_65' title='bbox 425 1549 487 1623; x_wconf 82' lang='lat' dir='ltr'><strong>aed</strong></span> <span class='ocrx_word' id='word_1_66' title='bbox 499 1552 618 1648; x_wconf 81' lang='lat' dir='ltr'><strong>ipsum</strong></span> <span class='ocrx_word' id='word_1_67' title='bbox 629 1545 935 1646; x_wconf 83' lang='lat' dir='ltr'><strong>verum,eimpiex</strong></span> <span class='ocrx_word' id='word_1_68' title='bbox 950 1557 988 1620; x_wconf 87' lang='lat' dir='ltr'><strong>et</strong></span> <span class='ocrx_word' id='word_1_69' title='bbox 1003 1545 1200 1634; x_wconf 80' lang='lat' dir='ltr'><strong>uniforme,</strong></span> <span class='ocrx_word' id='word_1_70' title='bbox 1221 1543 1356 1642; x_wconf 85' lang='lat' dir='ltr'><strong>anqui-</strong></span> 
     </span>
     <span class='ocr_line' id='line_1_11' title="bbox 276 1665 1355 1765; baseline -0.007 -22"><span class='ocrx_word' id='word_1_71' title='bbox 276 1693 357 1743; x_wconf 86' lang='lat' dir='ltr'><strong>rere</strong></span> <span class='ocrx_word' id='word_1_72' title='bbox 379 1669 513 1762; x_wconf 77' lang='lat' dir='ltr'><strong>voluit,</strong></span> <span class='ocrx_word' id='word_1_73' title='bbox 540 1697 612 1745; x_wconf 93' lang='lat' dir='ltr'><strong>non</strong></span> <span class='ocrx_word' id='word_1_74' title='bbox 631 1685 754 1745; x_wconf 88' lang='lat' dir='ltr'><strong>autem</strong></span> <span class='ocrx_word' id='word_1_75' title='bbox 774 1665 1041 1758; x_wconf 83' lang='lat' dir='ltr'><strong>animadvertit,</strong></span> <span class='ocrx_word' id='word_1_76' title='bbox 1065 1691 1105 1740; x_wconf 82' lang='lat' dir='ltr'><strong>ee</strong></span> <span class='ocrx_word' id='word_1_77' title='bbox 1123 1691 1188 1765; x_wconf 90' lang='lat' dir='ltr'><strong>pro</strong></span> <span class='ocrx_word' id='word_1_78' title='bbox 1209 1665 1355 1740; x_wconf 79' lang='lat' dir='ltr'><strong>veo-iuro</strong></span> 
     </span>
     <span class='ocr_line' id='line_1_12' title="bbox 276 1785 1354 1890; baseline -0.005 -28"><span class='ocrx_word' id='word_1_79' title='bbox 276 1792 421 1865; x_wconf 82' lang='lat' dir='ltr'><strong>inanem</strong></span> <span class='ocrx_word' id='word_1_80' title='bbox 452 1795 620 1890; x_wconf 75' lang='lat' dir='ltr'><strong>speciem,</strong></span> <span class='ocrx_word' id='word_1_81' title='bbox 653 1817 694 1865; x_wconf 90' lang='lat' dir='ltr'><strong>ac</strong></span> <span class='ocrx_word' id='word_1_82' title='bbox 726 1817 871 1882; x_wconf 85' lang='lat' dir='ltr'><strong>revera,</strong></span> <span class='ocrx_word' id='word_1_83' title='bbox 900 1803 942 1864; x_wconf 89' lang='lat' dir='ltr'><strong>ut</strong></span> <span class='ocrx_word' id='word_1_84' title='bbox 972 1787 1094 1888; x_wconf 84' lang='lat' dir='ltr'><strong>ajunt,</strong></span> <span class='ocrx_word' id='word_1_85' title='bbox 1123 1785 1261 1861; x_wconf 89' lang='lat' dir='ltr'><strong>nubem</strong></span> <span class='ocrx_word' id='word_1_86' title='bbox 1291 1809 1354 1882; x_wconf 93' lang='lat' dir='ltr'><strong>pro</strong></span> 
     </span>
     <span class='ocr_line' id='line_1_13' title="bbox 277 1911 751 2015; baseline 0.011 -33"><span class='ocrx_word' id='word_1_87' title='bbox 277 1911 423 1987; x_wconf 87' lang='lat' dir='ltr'><strong>Junone</strong></span> <span class='ocrx_word' id='word_1_88' title='bbox 442 1939 517 1988; x_wconf 82' lang='lat' dir='ltr'><strong>esee</strong></span> <span class='ocrx_word' id='word_1_89' title='bbox 534 1913 751 2015; x_wconf 81' lang='lat' dir='ltr'><strong>amplexum.</strong></span> 
     </span>
    </p>
   </div>
   <div class='ocr_carea' id='block_1_3' title="bbox 324 2275 1356 2376">
    <p class='ocr_par' dir='ltr' id='par_1_4' title="bbox 324 2275 1356 2376">
     <span class='ocr_line' id='line_1_14' title="bbox 324 2275 1356 2376; baseline -0.005 -24"><span class='ocrx_word' id='word_1_90' title='bbox 324 2281 452 2372; x_wconf 88' lang='lat' dir='ltr'><strong>Quum</strong></span> <span class='ocrx_word' id='word_1_91' title='bbox 485 2294 605 2374; x_wconf 81' lang='lat' dir='ltr'><strong>autem</strong></span> <span class='ocrx_word' id='word_1_92' title='bbox 634 2279 740 2353; x_wconf 88' lang='lat' dir='ltr'><strong>talem</strong></span> <span class='ocrx_word' id='word_1_93' title='bbox 765 2281 908 2356; x_wconf 85' lang='lat' dir='ltr'><strong>finxerit</strong></span> <span class='ocrx_word' id='word_1_94' title='bbox 931 2301 1108 2352; x_wconf 80' lang='lat' dir='ltr'><strong>summam</strong></span> <span class='ocrx_word' id='word_1_95' title='bbox 1129 2275 1356 2376; x_wconf 84' lang='lat' dir='ltr'><strong>iilam-qnam</strong></span> 
     </span>
    </p>
   </div>
   <div class='ocr_carea' id='block_1_4' title="bbox 241 2393 1359 3232">
    <p class='ocr_par' dir='ltr' id='par_1_5' title="bbox 241 2393 1359 3232">
     <span class='ocr_line' id='line_1_15' title="bbox 274 2393 1356 2502; baseline -0.006 -28"><span class='ocrx_word' id='word_1_96' title='bbox 274 2415 398 2474; x_wconf 84' lang='lat' dir='ltr'><strong>mente</strong></span> <span class='ocrx_word' id='word_1_97' title='bbox 416 2415 624 2502; x_wconf 71' lang='lat' dir='ltr'><strong>conceperat</strong></span> <span class='ocrx_word' id='word_1_98' title='bbox 649 2417 832 2492; x_wconf 81' lang='lat' dir='ltr'><strong>naturam,</strong></span> <span class='ocrx_word' id='word_1_99' title='bbox 859 2403 1064 2502; x_wconf 72' lang='lat' dir='ltr'><strong>quaeritur,</strong></span> <span class='ocrx_word' id='word_1_100' title='bbox 1082 2419 1173 2471; x_wconf 89' lang='lat' dir='ltr'><strong>num</strong></span> <span class='ocrx_word' id='word_1_101' title='bbox 1197 2393 1292 2478; x_wconf 61' lang='grc' dir='ltr'><em>ἄθεος</em></span> <span class='ocrx_word' id='word_1_102' title='bbox 1315 2398 1356 2468; x_wconf 87' lang='lat' dir='ltr'><strong>sit</strong></span> 
     </span>
     <span class='ocr_line' id='line_1_16' title="bbox 275 2519 1357 2620; baseline -0.003 -25"><span class='ocrx_word' id='word_1_103' title='bbox 275 2522 462 2597; x_wconf 83' lang='lat' dir='ltr'><strong>habendus</strong></span> <span class='ocrx_word' id='word_1_104' title='bbox 484 2521 739 2598; x_wconf 77' lang='lat' dir='ltr'><strong>Parmenides?</strong></span> <span class='ocrx_word' id='word_1_105' title='bbox 787 2527 956 2599; x_wconf 82' lang='lat' dir='ltr'><strong>Fuerunt</strong></span> <span class='ocrx_word' id='word_1_106' title='bbox 975 2523 1041 2620; x_wconf 82' lang='lat' dir='ltr'><strong>qui</strong></span> <span class='ocrx_word' id='word_1_107' title='bbox 1059 2544 1145 2594; x_wconf 87' lang='lat' dir='ltr'><strong>eum</strong></span> <span class='ocrx_word' id='word_1_108' title='bbox 1163 2519 1230 2592; x_wconf 87' lang='lat' dir='ltr'><strong>hac</strong></span> <span class='ocrx_word' id='word_1_109' title='bbox 1253 2519 1357 2617; x_wconf 72' lang='lat' dir='ltr'><strong>canipa</strong></span> 
     </span>
     <span class='ocr_line' id='line_1_17' title="bbox 275 2641 1358 2744; baseline -0.002 -29"><span class='ocrx_word' id='word_1_110' title='bbox 275 2645 572 2736; x_wconf 82' lang='lat' dir='ltr'><strong>criminarentur,</strong></span> <span class='ocrx_word' id='word_1_111' title='bbox 604 2645 701 2744; x_wconf 82' lang='lat' dir='ltr'><strong>quod</strong></span> <span class='ocrx_word' id='word_1_112' title='bbox 735 2671 801 2720; x_wconf 86' lang='lat' dir='ltr'><strong>eno</strong></span> <span class='ocrx_word' id='word_1_113' title='bbox 830 2669 951 2720; x_wconf 89' lang='lat' dir='ltr'><strong>unum</strong></span> <span class='ocrx_word' id='word_1_114' title='bbox 979 2641 1143 2720; x_wconf 80' lang='lat' dir='ltr'><strong>videlicet</strong></span> <span class='ocrx_word' id='word_1_115' title='bbox 1167 2663 1300 2716; x_wconf 82' lang='lat' dir='ltr'><strong>rerum</strong></span> <span class='ocrx_word' id='word_1_116' title='bbox 1324 2655 1358 2714; x_wconf 84' lang='lat' dir='ltr'><strong>et</strong></span> 
     </span>
     <span class='ocr_line' id='line_1_18' title="bbox 277 2764 1358 2862; baseline -0.002 -24"><span class='ocrx_word' id='word_1_117' title='bbox 277 2777 464 2838; x_wconf 82' lang='lat' dir='ltr'><strong>aeternum</strong></span> <span class='ocrx_word' id='word_1_118' title='bbox 492 2765 712 2862; x_wconf 83' lang='lat' dir='ltr'><strong>praedicans,</strong></span> <span class='ocrx_word' id='word_1_119' title='bbox 742 2771 859 2842; x_wconf 87' lang='lat' dir='ltr'><strong>Deum</strong></span> <span class='ocrx_word' id='word_1_120' title='bbox 886 2765 1039 2859; x_wconf 73' lang='lat' dir='ltr'><strong>tolieret,</strong></span> <span class='ocrx_word' id='word_1_121' title='bbox 1065 2779 1186 2839; x_wconf 90' lang='lat' dir='ltr'><strong>contra</strong></span> <span class='ocrx_word' id='word_1_122' title='bbox 1214 2764 1274 2838; x_wconf 87' lang='lat' dir='ltr'><strong>alii</strong></span> <span class='ocrx_word' id='word_1_123' title='bbox 1296 2787 1358 2837; x_wconf 83' lang='lat' dir='ltr'><strong>ene</strong></span> 
     </span>
     <span class='ocr_line' id='line_1_19' title="bbox 276 2884 1359 2986; baseline -0.001 -28"><span class='ocrx_word' id='word_1_124' title='bbox 276 2887 396 2985; x_wconf 89' lang='lat' dir='ltr'><strong>ipsum</strong></span> <span class='ocrx_word' id='word_1_125' title='bbox 423 2885 539 2958; x_wconf 87' lang='lat' dir='ltr'><strong>Deum</strong></span> <span class='ocrx_word' id='word_1_126' title='bbox 562 2913 582 2958; x_wconf 86' lang='lat' dir='ltr'><strong>a</strong></span> <span class='ocrx_word' id='word_1_127' title='bbox 604 2886 834 2982; x_wconf 89' lang='lat' dir='ltr'><strong>Parmenide,</strong></span> <span class='ocrx_word' id='word_1_128' title='bbox 861 2890 889 2961; x_wconf 86' lang='lat' dir='ltr'><strong>ei</strong></span> <span class='ocrx_word' id='word_1_129' title='bbox 912 2911 985 2960; x_wconf 92' lang='lat' dir='ltr'><strong>non</strong></span> <span class='ocrx_word' id='word_1_130' title='bbox 1005 2885 1191 2986; x_wconf 80' lang='lat' dir='ltr'><strong>appellari,</strong></span> <span class='ocrx_word' id='word_1_131' title='bbox 1212 2884 1359 2985; x_wconf 73' lang='lat' dir='ltr'><strong>intelligi</strong></span> 
     </span>
     <span class='ocr_line' id='line_1_20' title="bbox 277 3009 1357 3111; baseline 0.004 -31"><span class='ocrx_word' id='word_1_132' title='bbox 277 3021 398 3082; x_wconf 83' lang='lat' dir='ltr'><strong>tamen</strong></span> <span class='ocrx_word' id='word_1_133' title='bbox 414 3021 635 3082; x_wconf 77' lang='lat' dir='ltr'><strong>censuerunt</strong></span> <span class='ocrx_word' id='word_1_134' title='bbox 652 3011 730 3083; x_wconf 60' lang='lat'>¹5⁶².</span> <span class='ocrx_word' id='word_1_135' title='bbox 768 3011 811 3082; x_wconf 92' lang='lat' dir='ltr'><strong>In</strong></span> <span class='ocrx_word' id='word_1_136' title='bbox 828 3035 901 3110; x_wconf 85' lang='lat' dir='ltr'><strong>qua</strong></span> <span class='ocrx_word' id='word_1_137' title='bbox 914 3012 1120 3110; x_wconf 69' lang='lat' dir='ltr'><strong>quaestione</strong></span> <span class='ocrx_word' id='word_1_138' title='bbox 1135 3009 1357 3111; x_wconf 86' lang='lat' dir='ltr'><strong>dijudicanda</strong></span> 
     </span>
     <span class='ocr_line' id='line_1_21' title="bbox 241 3129 1358 3232; baseline 0.011 -37"><span class='ocrx_word' id='word_1_139' title='bbox 241 3189 245 3195; x_wconf 88' lang='lat'><em>.</em></span> <span class='ocrx_word' id='word_1_140' title='bbox 278 3153 326 3202; x_wconf 89' lang='lat' dir='ltr'><strong>nc</strong></span> <span class='ocrx_word' id='word_1_141' title='bbox 348 3129 532 3202; x_wconf 89' lang='lat' dir='ltr'><strong>imitemur</strong></span> <span class='ocrx_word' id='word_1_142' title='bbox 554 3153 680 3204; x_wconf 87' lang='lat' dir='ltr'><strong>eorum</strong></span> <span class='ocrx_word' id='word_1_143' title='bbox 704 3131 949 3230; x_wconf 88' lang='lat' dir='ltr'><strong>prudentiam,</strong></span> <span class='ocrx_word' id='word_1_144' title='bbox 980 3133 1045 3232; x_wconf 89' lang='lat' dir='ltr'><strong>qui</strong></span> <span class='ocrx_word' id='word_1_145' title='bbox 1077 3132 1304 3231; x_wconf 73' lang='lat' dir='ltr'><strong>tantas{litee</strong></span> <span class='ocrx_word' id='word_1_146' title='bbox 1323 3159 1358 3206; x_wconf 85' lang='lat' dir='ltr'><strong>ae</strong></span> 
     </span>
    </p>
   </div>
   <div class='ocr_carea' id='block_1_5' title="bbox 279 3383 1358 4182">
    <p class='ocr_par' dir='ltr' id='par_1_6' title="bbox 279 3383 1358 4182">
     <span class='ocr_line' id='line_1_22' title="bbox 312 3383 1357 3460; baseline 0.005 -25"><span class='ocrx_word' id='word_1_147' title='bbox 312 3383 386 3450; x_wconf 76' lang='lat'><em>(162)</em></span> <span class='ocrx_word' id='word_1_148' title='bbox 418 3383 517 3436; x_wconf 77' lang='lat' dir='ltr'><strong>ilerum</strong></span> <span class='ocrx_word' id='word_1_149' title='bbox 541 3387 727 3440; x_wconf 57' lang='lat' dir='ltr'><strong>nuntiarunt</strong></span> <span class='ocrx_word' id='word_1_150' title='bbox 751 3389 865 3456; x_wconf 86' lang='lat' dir='ltr'><strong>priorem</strong></span> <span class='ocrx_word' id='word_1_151' title='bbox 883 3387 1002 3460; x_wconf 81' lang='lat' dir='ltr'><strong>requitur</strong></span> <span class='ocrx_word' id='word_1_152' title='bbox 1018 3387 1094 3457; x_wconf 75' lang='lat' dir='ltr'><strong>itepie</strong></span> <span class='ocrx_word' id='word_1_153' title='bbox 1111 3389 1179 3442; x_wconf 78' lang='lat' dir='ltr'><strong>ntea</strong></span> <span class='ocrx_word' id='word_1_154' title='bbox 1196 3389 1223 3440; x_wconf 88' lang='lat' dir='ltr'><strong>in</strong></span> <span class='ocrx_word' id='word_1_155' title='bbox 1241 3391 1357 3458; x_wconf 61' lang='lat' dir='ltr'><strong>rto-opt.</strong></span> 
     </span>
     <span class='ocr_line' id='line_1_23' title="bbox 279 3473 1358 3552; baseline 0.004 -28"><span class='ocrx_word' id='word_1_156' title='bbox 279 3473 410 3526; x_wconf 71' lang='lat' dir='ltr'><strong>Posterior</strong></span> <span class='ocrx_word' id='word_1_157' title='bbox 434 3476 559 3528; x_wconf 73' lang='lat' dir='ltr'><strong>cententio</strong></span> <span class='ocrx_word' id='word_1_158' title='bbox 585 3477 682 3544; x_wconf 79' lang='lat' dir='ltr'><strong>placuit</strong></span> <span class='ocrx_word' id='word_1_159' title='bbox 709 3478 837 3530; x_wconf 77' lang='lat' dir='ltr'><strong>Gueendc</strong></span> <span class='ocrx_word' id='word_1_160' title='bbox 864 3481 928 3552; x_wconf 78' lang='lat' dir='ltr'><strong>opp.</strong></span> <span class='ocrx_word' id='word_1_161' title='bbox 952 3481 980 3534; x_wconf 75' lang='lat' dir='ltr'><strong>t.</strong></span> <span class='ocrx_word' id='word_1_162' title='bbox 1007 3483 1026 3534; x_wconf 90' lang='lat'><strong>1.</strong></span> <span class='ocrx_word' id='word_1_163' title='bbox 1056 3499 1081 3551; x_wconf 91' lang='lat' dir='ltr'><strong>p.</strong></span> <span class='ocrx_word' id='word_1_164' title='bbox 1104 3478 1153 3534; x_wconf 78' lang='lat'><strong>1³5</strong></span> <span class='ocrx_word' id='word_1_165' title='bbox 1168 3487 1196 3532; x_wconf 86' lang='lat' dir='ltr'><strong>et</strong></span> <span class='ocrx_word' id='word_1_166' title='bbox 1223 3480 1291 3544; x_wconf 62' lang='lat' dir='ltr'><strong>ait,</strong></span> <span class='ocrx_word' id='word_1_167' title='bbox 1316 3479 1358 3550; x_wconf 86' lang='lat' dir='ltr'><strong>qui</strong></span> 
     </span>
     <span class='ocr_line' id='line_1_24' title="bbox 279 3561 1358 3640; baseline 0.007 -27"><span class='ocrx_word' id='word_1_168' title='bbox 279 3561 476 3616; x_wconf 86' lang='lat' dir='ltr'><strong>Parmenidenm</strong></span> <span class='ocrx_word' id='word_1_169' title='bbox 499 3582 543 3616; x_wconf 82' lang='lat' dir='ltr'><strong>ene</strong></span> <span class='ocrx_word' id='word_1_170' title='bbox 572 3583 624 3618; x_wconf 88' lang='lat' dir='ltr'><strong>non</strong></span> <span class='ocrx_word' id='word_1_171' title='bbox 649 3566 754 3636; x_wconf 70' lang='lat' dir='ltr'><strong>physice</strong></span> <span class='ocrx_word' id='word_1_172' title='bbox 777 3569 821 3620; x_wconf 84' lang='lat' dir='ltr'><strong>aed</strong></span> <span class='ocrx_word' id='word_1_173' title='bbox 849 3567 993 3638; x_wconf 70' lang='lat' dir='ltr'><strong>theologice</strong></span> <span class='ocrx_word' id='word_1_174' title='bbox 1010 3569 1236 3640; x_wconf 81' lang='lat' dir='ltr'><strong>interpretandum</strong></span> <span class='ocrx_word' id='word_1_175' title='bbox 1253 3578 1358 3632; x_wconf 77' lang='lat' dir='ltr'><strong>cenoet3</strong></span> 
     </span>
     <span class='ocr_line' id='line_1_25' title="bbox 281 3653 1356 3728; baseline 0.006 -24"><span class='ocrx_word' id='word_1_176' title='bbox 281 3653 421 3722; x_wconf 83' lang='lat' dir='ltr'><strong>praecipue</strong></span> <span class='ocrx_word' id='word_1_177' title='bbox 445 3669 508 3706; x_wconf 81' lang='lat' dir='ltr'><strong>vero</strong></span> <span class='ocrx_word' id='word_1_178' title='bbox 536 3671 622 3708; x_wconf 88' lang='lat' dir='ltr'><strong>acrem</strong></span> <span class='ocrx_word' id='word_1_179' title='bbox 652 3666 793 3728; x_wconf 85' lang='lat' dir='ltr'><strong>patronum</strong></span> <span class='ocrx_word' id='word_1_180' title='bbox 821 3669 897 3712; x_wconf 85' lang='lat' dir='ltr'><strong>nacte</strong></span> <span class='ocrx_word' id='word_1_181' title='bbox 922 3667 963 3712; x_wconf 82' lang='lat' dir='ltr'><strong>eat</strong></span> <span class='ocrx_word' id='word_1_182' title='bbox 980 3659 1173 3712; x_wconf 85' lang='lat' dir='ltr'><strong>Cudrrorthium</strong></span> <span class='ocrx_word' id='word_1_183' title='bbox 1191 3661 1257 3727; x_wconf 79' lang='lat' dir='ltr'><strong>Syat.</strong></span> <span class='ocrx_word' id='word_1_184' title='bbox 1275 3660 1356 3713; x_wconf 82' lang='lat' dir='ltr'><strong>lnteli.</strong></span> 
     </span>
     <span class='ocr_line' id='line_1_26' title="bbox 279 3739 1357 3819; baseline 0.009 -26"><span class='ocrx_word' id='word_1_185' title='bbox 279 3759 306 3811; x_wconf 91' lang='lat' dir='ltr'><strong>p.</strong></span> <span class='ocrx_word' id='word_1_186' title='bbox 323 3739 473 3814; x_wconf 75' lang='lat'>⁵9²-599·</span> <span class='ocrx_word' id='word_1_187' title='bbox 490 3746 536 3816; x_wconf 88' lang='lat' dir='ltr'><strong>qui</strong></span> <span class='ocrx_word' id='word_1_188' title='bbox 555 3746 719 3802; x_wconf 74' lang='lat' dir='ltr'><strong>manifectnm</strong></span> <span class='ocrx_word' id='word_1_189' title='bbox 735 3765 790 3802; x_wconf 75' lang='lat' dir='ltr'><strong>eene</strong></span> <span class='ocrx_word' id='word_1_190' title='bbox 807 3749 950 3812; x_wconf 75' lang='lat' dir='ltr'><strong>contendit,</strong></span> <span class='ocrx_word' id='word_1_191' title='bbox 967 3765 1048 3801; x_wconf 88' lang='lat' dir='ltr'><strong>nuum</strong></span> <span class='ocrx_word' id='word_1_192' title='bbox 1064 3765 1193 3801; x_wconf 77' lang='lat' dir='ltr'><strong>nummum</strong></span> <span class='ocrx_word' id='word_1_193' title='bbox 1212 3750 1357 3819; x_wconf 75' lang='lat' dir='ltr'><strong>potentini·</strong></span> 
     </span>
     <span class='ocr_line' id='line_1_27' title="bbox 281 3834 1356 3912; baseline 0.008 -27"><span class='ocrx_word' id='word_1_194' title='bbox 281 3850 352 3886; x_wconf 86' lang='lat' dir='ltr'><strong>mum</strong></span> <span class='ocrx_word' id='word_1_195' title='bbox 369 3834 452 3886; x_wconf 85' lang='lat' dir='ltr'><strong>Deum</strong></span> <span class='ocrx_word' id='word_1_196' title='bbox 470 3853 483 3886; x_wconf 88' lang='lat' dir='ltr'><strong>a</strong></span> <span class='ocrx_word' id='word_1_197' title='bbox 502 3835 653 3888; x_wconf 81' lang='lat' dir='ltr'><strong>Parmenide</strong></span> <span class='ocrx_word' id='word_1_198' title='bbox 670 3838 769 3890; x_wconf 86' lang='lat' dir='ltr'><strong>cottum</strong></span> <span class='ocrx_word' id='word_1_199' title='bbox 791 3857 854 3894; x_wconf 75' lang='lat' dir='ltr'><strong>eree.</strong></span> <span class='ocrx_word' id='word_1_200' title='bbox 888 3843 949 3909; x_wconf 82' lang='lat' dir='ltr'><strong>Eiru</strong></span> <span class='ocrx_word' id='word_1_201' title='bbox 965 3839 1157 3906; x_wconf 68' lang='lat' dir='ltr'><strong>argumentatio</strong></span> <span class='ocrx_word' id='word_1_202' title='bbox 1168 3840 1356 3912; x_wconf 78' lang='lat' dir='ltr'><strong>guenriedoe·</strong></span> 
     </span>
     <span class='ocr_line' id='line_1_28' title="bbox 282 3926 1356 4000; baseline 0.006 -26"><span class='ocrx_word' id='word_1_203' title='bbox 282 3933 308 3975; x_wconf 87' lang='lat' dir='ltr'><strong>ta</strong></span> <span class='ocrx_word' id='word_1_204' title='bbox 326 3932 412 3975; x_wconf 82' lang='lat' dir='ltr'><strong>tamen</strong></span> <span class='ocrx_word' id='word_1_205' title='bbox 432 3941 523 3992; x_wconf 81' lang='lat' dir='ltr'><strong>perum</strong></span> <span class='ocrx_word' id='word_1_206' title='bbox 541 3926 679 3995; x_wconf 79' lang='lat' dir='ltr'><strong>probabilis</strong></span> <span class='ocrx_word' id='word_1_207' title='bbox 696 3937 748 3992; x_wconf 79' lang='lat' dir='ltr'><strong>eet,</strong></span> <span class='ocrx_word' id='word_1_208' title='bbox 766 3939 858 3998; x_wconf 86' lang='lat' dir='ltr'><strong>utpote</strong></span> <span class='ocrx_word' id='word_1_209' title='bbox 875 3948 926 3982; x_wconf 90' lang='lat' dir='ltr'><strong>non</strong></span> <span class='ocrx_word' id='word_1_210' title='bbox 944 3929 1059 4000; x_wconf 77' lang='lat' dir='ltr'><strong>ipsorum</strong></span> <span class='ocrx_word' id='word_1_211' title='bbox 1081 3929 1193 3981; x_wconf 78' lang='lat' dir='ltr'><strong>fontium</strong></span> <span class='ocrx_word' id='word_1_212' title='bbox 1214 3931 1356 3998; x_wconf 72' lang='lat' dir='ltr'><strong>cognitione</strong></span> 
     </span>
     <span class='ocr_line' id='line_1_29' title="bbox 283 4013 1356 4087; baseline 0.006 -23"><span class='ocrx_word' id='word_1_213' title='bbox 283 4013 328 4065; x_wconf 83' lang='lat' dir='ltr'><strong>red</strong></span> <span class='ocrx_word' id='word_1_214' title='bbox 344 4015 472 4065; x_wconf 80' lang='lat' dir='ltr'><strong>aeriorum</strong></span> <span class='ocrx_word' id='word_1_215' title='bbox 492 4013 545 4067; x_wconf 77' lang='lat' dir='ltr'><strong>sere</strong></span> <span class='ocrx_word' id='word_1_216' title='bbox 565 4016 738 4087; x_wconf 81' lang='lat' dir='ltr'><strong>interpretum</strong></span> <span class='ocrx_word' id='word_1_217' title='bbox 754 4019 905 4072; x_wconf 69' lang='lat' dir='ltr'><strong>testimoniie</strong></span> <span class='ocrx_word' id='word_1_218' title='bbox 920 4019 989 4072; x_wconf 71' lang='lat' dir='ltr'><strong>otoo.</strong></span> <span class='ocrx_word' id='word_1_219' title='bbox 1028 4020 1065 4073; x_wconf 81' lang='lat' dir='ltr'><strong>ct</strong></span> <span class='ocrx_word' id='word_1_220' title='bbox 1082 4019 1188 4075; x_wconf 74' lang='lat' dir='ltr'><strong>wolfleo</strong></span> <span class='ocrx_word' id='word_1_221' title='bbox 1205 4019 1240 4071; x_wconf 81' lang='lat' dir='ltr'><strong>ad</strong></span> <span class='ocrx_word' id='word_1_222' title='bbox 1258 4021 1356 4084; x_wconf 82' lang='lat' dir='ltr'><strong>Origen.</strong></span> 
     </span>
     <span class='ocr_line' id='line_1_30' title="bbox 283 4097 1250 4182; baseline 0.021 -32"><span class='ocrx_word' id='word_1_223' title='bbox 283 4097 378 4153; x_wconf 78' lang='lat' dir='ltr'><strong>Phrioe.</strong></span> <span class='ocrx_word' id='word_1_224' title='bbox 396 4117 450 4170; x_wconf 83' lang='lat' dir='ltr'><strong>cap.</strong></span> <span class='ocrx_word' id='word_1_225' title='bbox 474 4103 518 4154; x_wconf 86' lang='lat' dir='ltr'><strong>xt.</strong></span> <span class='ocrx_word' id='word_1_226' title='bbox 537 4119 562 4172; x_wconf 90' lang='lat' dir='ltr'><strong>p.</strong></span> <span class='ocrx_word' id='word_1_227' title='bbox 580 4107 639 4178; x_wconf 74' lang='lat'><strong>890,</strong></span> <span class='ocrx_word' id='word_1_228' title='bbox 656 4113 684 4158; x_wconf 89' lang='lat' dir='ltr'><strong>et</strong></span> <span class='ocrx_word' id='word_1_229' title='bbox 700 4107 858 4164; x_wconf 79' lang='lat' dir='ltr'><strong>ttootootoo</strong></span> <span class='ocrx_word' id='word_1_230' title='bbox 873 4110 906 4166; x_wconf 86' lang='lat' dir='ltr'><strong>ed</strong></span> <span class='ocrx_word' id='word_1_231' title='bbox 926 4109 1084 4168; x_wconf 67' lang='lat' dir='ltr'><strong>muneret</strong></span> <span class='ocrx_word' id='word_1_232' title='bbox 1100 4127 1126 4180; x_wconf 85' lang='lat' dir='ltr'><strong>p·</strong></span> <span class='ocrx_word' id='word_1_233' title='bbox 1144 4109 1194 4180; x_wconf 73' lang='lat'><strong>599</strong></span> <span class='ocrx_word' id='word_1_234' title='bbox 1211 4127 1250 4182; x_wconf 73' lang='grc' dir='ltr'><strong>η·</strong></span> 
     </span>
    </p>
   </div>
   <div class='ocr_carea' id='block_1_6' title="bbox 0 0 1485 4830">
    <p class='ocr_par' dir='ltr' id='par_1_7' title="bbox 0 0 1485 4830">
     <span class='ocr_line' id='line_1_31' title="bbox 0 0 1485 4830; baseline 0 0"><span class='ocrx_word' id='word_1_235' title='bbox 0 0 1485 4830; x_wconf 95' lang='lat' dir='ltr'><strong> </strong></span> 
     </span>
    </p>
   </div>
  </div>
 </body>
</html>
