2924 4820
497 309 713 354 amatorum.
1069 291 1132 358 187

74 463 134 532 llon
154 458 316 532 alienum
343 473 395 534 est
421 485 505 536 cum
532 464 598 536 hoo
626 488 830 564 comparare
857 463 1072 565 Pythagorae
1091 466 1132 538 il·

73 568 129 640 lam
147 580 182 640 et
203 567 507 668 Pythagoreorum
537 573 750 644 sententiam
773 572 837 669 qui
857 597 895 646 se
914 598 986 646 non
1008 583 1130 672 σοφούς,

72 795 157 868 ἕνδννις
172 792 277 861 edens
292 791 442 870 κννννμῖνννν
454 791 504 862 etis
516 792 593 870 φιῖσνν
600 841 609 865 ,
621 793 696 857 uri
705 793 742 856 ll
753 807 802 856 τοῦ
810 795 1039 873 percilianum
1051 794 1129 858 eills

70 881 271 960 ι’λνθννᾶμνννν,
287 884 349 964 περί
360 910 394 958 ys
411 881 443 945 al
463 883 552 964 mim
572 885 678 948 eliens
696 887 937 966 praestolationis
957 885 1130 966 inlinis-Eat

69 973 204 1040 ι’ννθνὸιιν.
230 975 355 1033 Primum
376 974 459 1034 lectio
482 997 540 1035 non
559 989 677 1036 constat.
699 978 814 1038 Veteres
833 977 944 1056 quidem
965 979 1130 1058 interpretes

68 1062 144 1141 legunt
166 1059 259 1146 ὅπερ
287 1062 458 1148 Ἐπίχαρμον·
487 1071 522 1126 u’s
547 1066 713 1146 Ξενοφάνην,
738 1080 770 1126 ut
789 1065 894 1128 editum
914 1079 956 1127 est
975 1088 991 1126 a
1007 1063 1130 1126 Brundi-

68 1153 98 1209 sio
118 1176 141 1233 p.
163 1175 220 1236 795
242 1153 295 1214 sed
314 1154 453 1233 quodnam
477 1155 637 1238 Epicharmi
664 1157 769 1218 dictum
792 1155 967 1237 significetur
991 1176 1048 1215 non
1072 1174 1131 1214 me-

68 1255 157 1300 norant
177 1267 184 1302 :
203 1263 242 1302 ex
263 1245 331 1326 ipsis
350 1246 438 1326 igitur
456 1247 612 1307 Aristotelis
633 1248 725 1308 verbis
745 1243 911 1306 eliciendum
931 1257 1019 1320 esset,
1039 1245 1079 1304 sic
1098 1254 1130 1302 ut

69 1334 180 1412 opinatur
196 1333 324 1410 Conna,
345 1334 380 1395 de
394 1335 519 1398 hocloco
536 1339 575 1397 ita
590 1357 811 1398 commemorans
832 1359 839 1396 :
864 1355 879 1388 a
898 1334 975 1395 Nous
995 1347 1129 1396 trouvons

69 1424 162 1482 sanet
184 1422 259 1483 dans
282 1426 308 1485 la
326 1425 535 1507 metaphysique
555 1425 705 1486 d’hristote
724 1447 763 1484 un
783 1444 914 1505 passage,
930 1423 1032 1502 duquel
1050 1421 1070 1481 il
1088 1443 1131 1482 re-

70 1536 80 1568 a
98 1513 215 1574 salterait
235 1515 449 1598 qu'Epicharme
469 1519 544 1578 avait
563 1516 606 1576 dit
624 1515 659 1576 de
681 1515 874 1596 Xenophane:
887 1512 921 1574 Il
938 1537 959 1574 a
976 1514 1047 1573 l'air
1063 1515 1130 1572 d’o-

70 1627 79 1657 a
97 1608 152 1664 vois
172 1609 277 1666 raison
287 1653 297 1684 ‚
319 1612 396 1668 mois
415 1610 442 1667 il
458 1631 479 1668 a
497 1608 664 1667 tertullio
683 1627 748 1687 ergo
767 1605 925 1667 Aristotelis
940 1605 1004 1675 illa,
1021 1603 1129 1666 aluisus

71 1690 105 1765 ptis
123 1695 267 1772 aleonora,
290 1727 302 1758 ο
531 1715 675 1772 asystati,
694 1715 730 1754 ex
748 1693 911 1776 Epicharmi
927 1695 956 1753 ln
976 1693 1131 1776 Xenopha-

69 1804 116 1842 nen
132 1784 206 1847 dicto
226 1808 361 1870 expressa
380 1789 508 1870 putavit;
532 1785 607 1865 quod
629 1806 728 1848 vereor·
747 1805 783 1843 an
802 1785 840 1843 sit
861 1784 1016 1864 probabile.
1041 1785 1139 1865 Equi-

71 1869 116 1933 leu
128 1875 155 1934 in
176 1876 220 1936 his
235 1879 345 1938 nullum
362 1899 481 1958 agnosco
501 1878 641 1958 poeticum
662 1875 827 1954 vestigium
848 1873 960 1934 videtur
974 1894 1040 1934 sero
1054 1876 1131 1954 tangi

70 1963 93 2022 ah
108 1967 252 2028 Aristotele
271 1983 340 2030 nota
359 1968 407 2028 illa
429 1969 573 2045 utriusque
593 1965 747 2034 sententia,
760 1983 814 2042 qua
828 1962 863 2022 de
878 1983 971 2024 rernm
986 1983 1131 2024 sensuum·

71 2071 108 2128 que
124 2055 292 2117 obscuritate
314 2071 342 2118 et
361 2058 550 2118 inconstantia
569 2056 658 2134 questi
678 2067 754 2115 sunt.
777 2051 961 2136 Xenophanis
981 2049 1055 2122 diota
1069 2073 1131 2114 me-

70 2144 235 2224 moravimus;
253 2145 417 2228 Epicharmi
438 2145 570 2206 versiculi
589 2157 700 2205 exstant
715 2142 789 2226 apud
804 2144 884 2224 Diog.
897 2145 989 2204 Laert.
1006 2143 1064 2219 ΙΙΙ,
1079 2163 1131 2220 11,

71 2229 106 2290 tbi
121 2232 210 2295 dicit:
879 2257 881 2266 ’

168 2350 194 2410 ἰν
215 2339 395 2433 paveam?
414 2349 452 2412 ll
472 2353 571 2414 πίνης
592 2350 646 2413 inl
663 2349 756 2413 saissa
776 2347 822 2412 eis
838 2349 939 2432 κρίνον.

72 2463 119 2522 llon
141 2467 226 2548 igitur
247 2483 308 2530 erat
328 2471 405 2551 quod
429 2471 612 2554 Epicharmus
631 2471 684 2531 hac
705 2473 735 2530 in
757 2491 787 2530 re
811 2467 1014 2551 Xenophanem
1033 2487 1131 2550 repre·

71 2549 190 2618 laederet.
220 2559 334 2622 ldeirco
357 2566 389 2621 in
409 2563 557 2623 Aristotele
576 2561 672 2620 nescio
696 2582 732 2620 an
752 2563 792 2620 sic
813 2559 961 2640 legendum
980 2557 1041 2616 sit:
1063 2552 1132 2619 alre
1169 2607 1175 2631 ,

72 2668 95 2710 tt
112 2646 223 2731 (nempe
253 2646 342 2733 ὅπερ
370 2653 483 2730 istisce)
508 2649 640 2734 cippis-aes
664 2660 774 2728 μᾶλλον
803 2651 884 2710 εἰπεῖν
905 2643 922 2717 sl
943 2641 1031 2728 ioxep
1055 2647 1131 2709 'sel-

71 2761 155 2816 χαρμον
176 2737 193 2808 sl
211 2743 361 2823 Ξινοφᾶννις
385 2741 473 2819 εἶπον,
494 2755 586 2806 πεῖναν
606 2743 713 2824 ipe't‘srss
732 2773 895 2788 ---
915 2738 1131 2820 ἄληθευέμινον,

72 2827 117 2904 “l‘'
133 2857 163 2900 γι
190 2833 223 2894 el
252 2833 339 2918 πίννῃ
363 2835 470 2896 πάντων
494 2833 676 2912 pessundatas
703 2835 748 2894 aix
776 2832 947 2910 &elixa-Sar
973 2831 1130 2901 ἱληθίυειν.

72 2915 103 2972 Cl.
118 2919 221 2983 Platon.
240 2923 355 2983 Theaet.
375 2946 404 3006 p.
428 2925 499 2995 152,
510 2926 546 2984 D.
565 2925 598 2984 E.
617 2925 695 2982 Haec
710 2937 803 2982 antem
824 2923 976 2995 sententia,
988 2943 1058 3000 quae
1072 2935 1130 2982 tam

72 3001 218 3090 Xenophaui
240 3035 323 3092 quam
342 3013 510 3097 Epicharmo
531 3015 655 3096 placuit,
675 3015 799 3096 pertinet
820 3025 928 3072 tantum
949 3011 986 3072 ad
1003 3033 1047 3072 res
1060 3033 1130 3091 quae

72 3098 174 3160 sensibus
198 3105 418 3185 percipiuntur,
448 3127 506 3165 non
529 3105 567 3165 ad
593 3104 705 3166 divinae
731 3105 846 3164 naturae
878 3103 1021 3162 notionem
1048 3123 1130 3180 quam

72 3195 165 3264 uterque
177 3205 271 3252 mente
289 3208 464 3276 conceperat.
482 3195 641 3256 Aristotelis
659 3193 751 3254 locum
770 3194 858 3274 tangit
870 3193 994 3274 Grysar,
1013 3190 1048 3250 de
1062 3191 1131 3272 Epi·

73 3271 163 3340 charmo
186 3282 335 3365 disputans
355 3287 384 3344 in
403 3287 528 3360 Quaestt.
551 3285 586 3345 cle
606 3286 735 3346 Doriens.
761 3281 892 3344 Comoed.
914 3303 943 3364 p.
968 3281 1032 3342 115.
1052 3283 1131 3360 (Co-

73 3359 115 3424 lca.
136 3369 252 3450 1828),
273 3375 324 3434 etsi
341 3374 441 3456 par'um
462 3389 538 3438 recte
558 3375 697 3457 explicare
718 3374 840 3435 videtur.

102 3457 169 3519 Alter
187 3476 281 3525 autern
299 3465 393 3540 locus,
411 3465 446 3527 dc
466 3487 522 3546 quo
535 3465 704 3527 monendum
723 3479 788 3535 est,
809 3476 900 3526 exstat
921 3463 956 3524 de
973 3467 1034 3524 Art.
1055 3469 1130 3544 poet.

74 3548 234 3624 ⁰³1³·XXV.
265 3555 415 3618 Graelenlr.
441 3558 490 3618 ubi
517 3559 609 3637 agitur
634 3555 693 3638 mpl
715 3554 835 3627 aleses..
851 3576 874 3614 s.
898 3552 933 3614 de
958 3551 1130 3613 solutionum

74 3632 177 3733 lontibus
195 3646 224 3704 in
245 3647 385 3707 artificum
405 3661 434 3708 et
448 3653 592 3730 poetarum
612 3648 744 3729 operibus
755 3641 941 3706 aestimandis.
961 3643 996 3702 ln
1010 3643 1110 3720 quihus
1120 3689 1129 3720 ‚

73 3732 160 3806 lnquit,
180 3740 206 3795 si
230 3739 479 3818 reprehendatur,
504 3739 586 3822 quod
605 3761 678 3799 vera
696 3761 754 3798 non
773 3741 852 3811 sint,
874 3735 1130 3814 respondendum,

75 3833 119 3875 ease
130 3825 199 3884 talio
212 3831 322 3909 qualia
336 3831 441 3895 debent,
452 3853 511 3890 ease
525 3831 534 3910 (
547 3827 590 3891 iah
611 3831 775 3912 leatificat
795 3824 837 3888 lae
856 3823 901 3886 oie
921 3825 1020 3893 ἀληθῆ
1028 3871 1037 3900 ,
1057 3827 1129 3887 ἀλλ’

76 3900 107 3964 uls
123 3909 165 3973 lai
175 3917 202 3997 13
217 3924 244 3979 si
263 3921 370 3980 lterum
384 3933 541 3997 nentrum,
558 3935 593 3982 at
609 3924 687 3982 talia
701 3943 761 3981 esee
775 3921 882 4001 qualia
896 3919 988 4000 vulgo
1003 3922 1129 3998 opinors-

77 4005 113 4052 ΙΨ
126 4005 136 4079 (
150 4011 169 4066 sl
189 4009 224 4072 ll
247 4009 421 4093 μνδιτίρννν,
434 4007 475 4072 ὅτι
495 4007 561 4072 olen
582 4009 663 4087 peris
675 4013 686 4092 )
699 4057 707 4086 ,
720 4012 818 4084 veluti
837 4027 917 4089 quae
931 4009 967 4068 cle
984 4007 1056 4070 Diis
1060 4010 1129 4087 fin·
