2840 4820
270 320 332 386 126
682 343 719 390 ne
743 341 935 385 xanoassrus

264 493 347 582 der,
366 505 409 566 ut
431 492 527 568 idem
552 505 750 580 memorat,
775 498 986 586 πεπερασμένον
1011 497 1061 558 καὶ
1084 493 1256 588 σφαιροειδὲς
1276 500 1357 562 sta-

265 595 374 674 tuisse
401 599 659 698 Xenophanem
689 599 871 696 prodidit,
902 594 1000 694 quod
1028 594 1088 666 alii
1115 621 1261 693 quoque
1292 621 1357 667 re-

265 707 432 782 tulerunt
456 705 491 778 ⁴⁵.
521 709 673 780 loannes
699 704 922 800 Philoponus
948 703 1106 800 denique
1133 703 1358 800 Xenophani

265 813 414 890 eandem
445 839 485 884 ac
510 811 713 886 Parmenidi
746 810 875 882 tribuit
908 811 1121 884 senteutiam
1152 836 1158 880 :
1193 817 1265 903 μιόεν
1293 814 1358 902 μὲν

262 914 295 988 εἶν
321 919 440 1016 (ἀρχὴν
467 915 568 1017 εἶναι)
604 924 654 988 καῖ
677 925 895 1014 πεπερασμένην
937 923 987 986 καί
1009 925 1137 997 ἀκίνητον
1160 917 1358 1014 Παρμενεὸης

263 1023 348 1120 ἔλεγε
368 1032 417 1096 καὶ
438 1028 598 1123 Ξενοφάνης
621 1023 657 1094 ⁴⁶.
684 1025 823 1096 Horum
847 1023 1046 1096 testimonia
1069 1023 1164 1094 inter
1185 1027 1221 1094 s'e
1244 1047 1358 1094 com-

264 1146 386 1230 parata
408 1146 631 1230 quantopere
644 1131 710 1206 sibi
723 1131 957 1203 adversentur
969 1141 1116 1226 apparet
1129 1157 1139 1220 3
1160 1153 1281 1227 neque
1294 1142 1358 1202 ta-

262 1264 347 1310 men
373 1240 534 1310 multum
564 1264 626 1310 nos
652 1235 823 1326 turbant,
845 1237 1021 1334 siquidem
1050 1238 1164 1308 omnis
1189 1235 1249 1308 illa
1277 1237 1358 1308 dis-

263 1345 443 1439 crepantia
469 1344 553 1416 inde
576 1342 784 1441 explicanda
807 1344 973 1433 videtur,
1000 1343 1098 1440 quod
1118 1341 1360 1439 Xenophanis

263 1449 390 1547 placita
411 1449 456 1521 ab
481 1453 555 1547 ipso
577 1477 649 1522 non
670 1451 752 1522 satis
770 1449 915 1522 definita
937 1452 1147 1546 posteriores
1167 1475 1229 1527 sua
1249 1451 1359 1544 quis·

263 1581 336 1656 que
360 1557 496 1630 ratione
516 1559 741 1654 interpretati
757 1571 853 1630 sunt.
875 1557 917 1628 ld
935 1557 1043 1630 etiam
1064 1556 1217 1630 ostendit
1234 1555 1359 1630 Theo·

264 1663 431 1762 phrastus
454 1664 552 1762 apud
579 1665 820 1736 Bessarionem
843 1663 886 1754 ⁴⁷,
903 1665 968 1760 qui
994 1663 1220 1760 Xenophanis
1247 1663 1359 1758 prin·

263 1773 399 1868 cipium
427 1773 513 1846 dicit
535 1771 691 1870 «aliquo
717 1773 864 1870 quidem
891 1771 995 1844 modo
1019 1795 1139 1867 neque
1162 1770 1360 1844 infinitum

263 1903 285 1950 i>
312 1895 433 1976 neque
457 1881 623 1968 linitum,
644 1878 714 1950 alio
733 1904 816 1952 vero
841 1879 944 1950 modo
960 1879 1123 1968 finitum,
1141 1889 1219 1950 tum
1238 1881 1360 1952 etiam

263 2007 285 2054 ν)
313 1983 576 2082 conglobatum.
596 2011 617 2058 ν)
633 1985 691 2058 Ab
706 1984 773 2056 hac
785 1985 961 2080 opinionis
974 1985 1208 2056 inconstantia
1222 1995 1266 2055 ut
1281 1989 1359 2058 Xe-

264 2089 468 2187 nophanem
481 2089 691 2178 liberarent,
710 2091 924 2160 sententiam
934 2075 1016 2184 'ejus
1029 2090 1072 2162 ad
1087 2103 1220 2162 certam
1238 2090 1360 2162 ratio-

262 2221 347 2268 nem
357 2221 521 2270 revocare
531 2194 753 2268 studuerunt
762 2227 771 2284 5
787 2195 872 2266 inde
883 2198 997 2266 omnis
1011 2194 1072 2264 illa
1091 2196 1258 2268 dissensio
1271 2207 1359 2268 orta

263 2313 316 2374 est
340 2300 375 2370 ⁴⁸.
407 2299 612 2396 Simplicius
636 2302 733 2397 ipse,
758 2302 823 2399 qui
846 2303 926 2394 ejus
950 2303 1199 2374 sententiame
1226 2302 1358 2376 Theo-

264 2408 408 2506 phrasto
433 2409 620 2505 perspicue
635 2410 798 2505 cognovit
816 2408 996 2506 planeque
1022 2407 1211 2507 explicuit,
1235 2409 1358 2483 iuter·

264 2516 432 2613 pretandi
446 2529 566 2588 tamen
579 2515 696 2588 studio
711 2507 883 2613 deceptus
902 2517 1062 2605 videtur,
1087 2541 1202 2616 quum
1226 2518 1357 2592 ineer-

262 2637 343 2698 tum
358 2625 452 2698 illud
470 2637 545 2718 μήτε
563 2625 680 2723 οἷπεερεν
693 2638 766 2718 μήτε
783 2636 996 2723 πεπερασμένον
1014 2626 1163 2698 delinire
1181 2628 1355 2721 studens,

263 2729 361 2806 idem
386 2731 648 2828 quodammodo
674 2735 777 2806 iaciat
801 2733 898 2830 quod
925 2740 956 2803 τὸ
975 2743 1189 2829 πεπερασμένον
1209 2731 1246 2803 ⁴⁹.

314 2931 535 3033 Intelligitur
561 2959 672 3032 quam
696 2933 820 3008 sedulo
847 2935 966 3010 careri
990 2945 1150 3032 oporteat
1169 2933 1269 3006 hunc
1294 2959 1356 3003 er-

264 3065 408 3133 rorem,
428 3067 501 3139 quo
525 3039 680 3140 plurima
702 3054 866 3116 veterum
885 3041 1013 3140 placita
1029 3039 1074 3114 ab
1090 3038 1358 3136 interpretibus

312 3239 373 3322 (dd)
397 3241 466 3302 vid.
488 3263 572 3323 supra
593 3263 622 3324 p.
651 3239 717 3302 108.
735 3243 869 3322 Origenes
891 3241 992 3302 Philos.
1022 3261 1084 3322 cap.
1110 3237 1154 3315 14.
1176 3235 1356 3298 Theodoret.

268 3329 390 3412 Therap.
413 3333 465 3392 lv.
485 3331 582 3393 Galen.
602 3353 626 3390 c.
647 3331 700 3391 ΙΙΙ.
724 3354 752 3416 p.
771 3329 811 3410 24
832 3333 865 3390 F.
883 3351 954 3409 quos
973 3330 1047 3389 iufra
1070 3330 1171 3389 citabo.
1193 3327 1230 3386 cl.
1250 3327 1356 3388 Daris.

265 3419 311 3482 ad.
325 3423 416 3482 Cicer.
433 3423 469 3482 N.
492 3421 527 3481 D.
544 3423 573 3496 l,
591 3439 634 3480 rr.
655 3473 662 3500 ¹

307 3533 371 3616 (46)
393 3537 540 3619 Philopon.
561 3535 646 3616 Phys.
670 3535 737 3595 Litt.
759 3535 863 3612 A,f0t
888 3533 916 3610 5,
937 3532 1000 3593 adv.

310 3645 374 3728 (47)
397 3645 454 3706 vid
476 3665 570 3724 supra.
592 3665 620 3724 p.
647 3665 700 3724 ¹07
723 3655 783 3703 not.

305 3769 371 3853 (48)
393 3771 438 3831 Cl'.
461 3769 566 3829 Cousin
579 3812 589 3839 ‚
610 3789 639 3848 p.
661 3767 700 3828 80
723 3789 763 3846 sq,

309 3883 374 3966 (let
395 3885 520 3968 simplic.
533 3883 616 3965 Phys.
637 3883 686 3944 fot.
711 3886 788 3965 yn,
808 3881 855 3942 ubi
869 3879 1043 3941 Parmenidis
1063 3879 1180 3940 eandem
1199 3879 1356 3959 atqche·

263 3973 400 4054 nophtnis
419 3976 487 4033 facit
504 3975 670 4034 sententiam
679 4021 687 4048 ,
706 3973 766 4054 (eis)
787 3971 811 4036 ir
822 3971 868 4034 nui
881 3973 1005 4040 εἱνεῖνητον
1016 3971 1062 4032 zui
1077 3971 1262 4045 εἷγίνηποενενεῖ
1280 3997 1354 4032 ποτε

267 4064 395 4146 ρεομίνεν
410 4063 551 4126 nidmu
568 4063 599 4126 tl
610 4076 664 4126 πεῖν
675 4065 712 4125 cl.
724 4064 849 4146 ejusdem
859 4065 945 4126 verba
955 4085 1024 4144 quae
1035 4065 1130 4124 statim
1143 4061 1213 4144 §sm
1226 4063 1355 4123 afferam.
