2840 4820
280 337 345 401 124
686 361 725 402 nr
747 359 938 401 xsuornarrs

274 511 436 608 antiquos
448 510 676 608 philosophos
690 513 836 608 agitata,
850 523 970 582 tamen
980 510 1061 580 satis
1073 508 1238 582 dilucide
1251 499 1360 606 expli·

273 608 433 690 cita'non
453 631 505 690 est
527 632 741 716 anteaquam
762 642 885 688 rerum
903 617 1037 688 formae
1057 617 1130 690 sive
1155 617 1361 714 categoriae

274 723 318 795 ab
344 723 501 820 Archyta
527 737 563 795 et
583 724 750 820 deinceps
774 750 793 794 a
823 722 969 794 Platone
992 735 1028 794 et
1054 721 1251 824 Aristotele
1276 721 1361 794 dili-

274 830 415 927 gentius
438 843 553 902 essent
581 831 829 928 investigatae·
845 829 952 901 Prisci
982 828 1036 899 illi
1065 841 1215 900 tanturn
1257 827 1362 898 vide-

276 949 363 1007 runt
376 989 390 1021 ,
403 995 407 1002 .
419 949 557 1007 motum
586 961 651 1032 per
670 961 707 1008 se
729 934 845 1006 solum
860 952 941 1006 'uon
971 959 1068 1031 posse
1090 933 1275 1032 intelligi,
1301 931 1361 1005 sed

275 1067 358 1114 cum
382 1041 514 1133 altero,
542 1040 656 1114 veluti
670 1040 770 1132 loco,
789 1053 973 1138 tempore,
1000 1043 1122 1129 inani,
1145 1039 1359 1128 cohaerere,

276 1172 492 1246 omnemque
513 1161 652 1220 motum
669 1173 743 1221 esse
766 1151 1020 1236 mutationem,
1049 1161 1085 1220 et
1109 1148 1198 1219 haec
1232 1145 1356 1236 ambo,

276 1266 384 1336 κίνησιν
410 1268 447 1326 et
471 1259 656 1346 μεταβολὴν,
686 1261 818 1353 genere
844 1259 998 1326 interae
1018 1281 1091 1327 esse
1109 1257 1312 1348 conjuncta
1326 1251 1357 1322 ³⁸.

275 1359 351 1431 Hoc
377 1360 480 1432 modo
500 1363 606 1434 etiam
621 1363 857 1458 Xenophanes
881 1374 1153 1460 argumentatur
1171 1373 1358 1432 statuens:

277 1473 424 1536 κινεῖσθαι
448 1475 485 1536 τὰ
512 1472 601 1570 πλείῳ
625 1468 695 1540 ὄντα
720 1479 792 1548 ἑνός·
822 1469 917 1564 ἕτερον
940 1478 998 1565 γὰρ
1030 1479 1069 1546 εἰς
1097 1469 1197 1564 ἕτερον
1227 1469 1290 1537 δεῖν
1316 1495 1358 1532 κι-

276 1580 404 1642 νεῖσθαι.
434 1573 540 1644 Porro
568 1602 575 1645 :
600 1586 625 1644 εἰ
653 1579 684 1647 δὲ
712 1586 751 1654 εἰς
788 1575 908 1657 ἄλληλα
935 1578 1137 1668 μεταβάλλοι,
1168 1571 1263 1646 πλείω
1293 1577 1358 1640 αὐτὸ

275 1676 346 1771 εἶναι
372 1688 439 1776 ἑνός.
469 1681 602 1752 Eadem
626 1683 700 1754 fere
724 1683 860 1752 ratione
885 1682 1112 1756 Parmenides
1136 1705 1227 1752 usus
1251 1686 1356 1750 estet

273 1782 455 1876 Melissus,
485 1792 590 1882 cujus
624 1789 730 1863 verba
746 1813 848 1866 cum
876 1788 1095 1883 Xenophane
1129 1811 1249 1884 paene
1277 1809 1354 1855 con-

275 1917 404 1989 gruere
430 1894 598 1966 vldentur
625 1925 633 1967 τ
660 1903 690 1965 τὸ
714 1904 773 1992 γὰρ
796 1893 898 1976 ἥντινα
922 1891 969 1966 οὖν
995 1905 1104 1975 κίνησιν
1130 1905 1292 1985 κινεόμενον
1323 1888 1356 1958 ἔκ

275 2025 345 2076 τινος
370 2008 420 2069 καὶ
449 2010 488 2078 εἰς
516 2000 613 2097 ἕτερόν
643 2031 669 2071 ιι
699 2004 901 2093 μεταβάλλει·
932 2003 1008 2072 ortt-r
1033 2002 1064 2070 δὲ
1096 1999 1130 2080 ἦν
1156 1999 1257 2095 ἕτερον
1281 2002 1356 2091 παρὰ

276 2110 305 2174 τὸ
333 2111 390 2174 ἐὸν·
423 2109 471 2175 οὐκ
500 2106 561 2201 ἄρα
592 2121 666 2176 τοῦτο
692 2119 838 2186 κινήσεται
865 2107 899 2177 ³⁹.
929 2107 1051 2206 Atque
1076 2107 1163 2178 llaec
1189 2106 1355 2200 antiquo-

276 2234 359 2280 rum
402 2213 545 2308 restigia
588 2210 686 2281 Plato
715 2205 860 2284 secutus
889 2211 961 2282 duo
996 2212 1206 2307 praesertim
1244 2221 1355 2280 motus

276 2338 405 2412 genera
428 2313 613 2407 distinxit,
642 2325 727 2414 φορὰν
754 2331 790 2389 et
813 2321 987 2406 ἀλλοιοσιν,
1017 2331 1060 2390 ut
1086 2318 1125 2388 in
1145 2315 1354 2389 Parmenide

275 2423 389 2510 dicit,
414 2423 462 2493 ὅτι
486 2432 644 2516 κινούμενόν
671 2455 705 2519 γε
728 2427 749 2506 ἢ
775 2435 879 2523 φέροιτο
903 2426 920 2507 ἢ
945 2430 1080 2496 ἀλλοιοῖτο
1104 2425 1157 2494 ι’ίν·
1188 2425 1354 2516 αὗταιγὰρ

276 2542 361 2622 μόναι
384 2542 507 2610 κινήσεις
523 2531 570 2622 40,
594 2533 633 2602 in
656 2534 789 2630 quibus
811 2534 1020 2606 definiendis
1046 2533 1170 2604 eadem
1204 2531 1267 2604 ille
1291 2529 1353 2600 dis-

277 2637 387 2708 tincte
411 2637 619 2733 explicuisse
647 2641 809 2729 videtur,
842 2665 934 2736 quae
953 2640 1153 2735 superiores
1177 2637 1353 2710 confusius

277 2741 559 2838 disputaverant.
581 2746 659 2816 Jam
682 2773 768 2820 vero
792 2747 858 2817 hoc
883 2758 1093 2842 argumento
1120 2744 1352 2842 Xenophanes

276 2850 471 2939 conclusit,
500 2879 568 2926 nec
588 2855 797 2928 inmobilem
827 2881 901 2927 esse
919 2855 1035 2927 Deum
1057 2881 1176 2952 neque
1198 2853 1350 2925 moveri:

278 2957 373 3054 quod
407 2960 505 3030 enim
538 2961 720 3034 immobile
742 2975 794 3033 est
822 2987 938 3058 quum
967 2961 1070 3032 nullo
1106 2964 1144 3036 in
1183 2959 1260 3031 loco
1289 2957 1349 3040 sit,

277 3088 345 3136 nec
372 3065 491 3160 ipsum
526 3067 674 3163 quidem
712 3093 805 3158 esse;
842 3069 871 3137 si
905 3079 1028 3140 autem
1063 3079 1252 3152 movetur,
1286 3085 1351 3130 non

279 3197 397 3245 uuum
421 3197 503 3243 esse¹
521 3174 581 3246 sed
611 3175 726 3246 multa
753 3204 759 3245 :
789 3201 872 3273 ergo
899 3189 1065 3247 neutram
1091 3174 1223 3245 harum
1251 3169 1350 3242 allec-

278 3281 419 3350 tionum
447 3281 484 3349 in
509 3279 546 3350 id
568 3282 665 3377 quod
690 3307 805 3352 unum
832 3295 883 3352 est
915 3283 1105 3356 convenire
1126 3280 1160 3350 ⁴¹.

329 3387 385 3458 Sic
408 3386 518 3484 igitur
540 3385 625 3477 ille,
654 3413 762 3484 quam
787 3399 908 3458 mente
931 3400 1141 3484 conceperat
1163 3387 1347 3485 perlectam

281 3491 554 3590 absolutamque
580 3506 778 3580 naturam,
814 3493 859 3565 ab
884 3491 949 3566 hac
979 3493 1153 3588 disjunxit
1184 3489 1348 3565 contraria

320 3738 384 3816 (38)
405 3739 518 3800 Aristot.
533 3741 613 3824 Phys.
626 3744 678 3819 lll,
695 3765 777 3826 capp.
796 3765 806 3802 1
821 3757 848 3802 ct
860 3765 890 3803 a.

322 3843 387 3925 (39)
409 3867 453 3926 ap.
478 3847 601 3928 Simplic.
616 3849 700 3931 Phys.
720 3850 741 3909 f.
765 3869 802 3908 22
825 3849 858 3908 B.
942 3879 944 3886 ,

282 4023 286 4032 ,
322 3949 386 4028 (4ο)
406 3952 485 4024 Plato
500 3955 590 4014 Parra.
615 3977 643 4036 p.
662 3955 717 4018 138
732 3957 763 4015 C.
777 3955 892 4015 Theaet.
916 3977 945 4035 p.
965 3953 1015 4014 181
1041 3955 1074 4014 C.

323 4056 386 4138 (41)
408 4061 451 4119 Cf.
473 4061 554 4122 Plato
575 4065 666 4123 Parm.
687 4087 715 4144 p.
741 4062 796 4124 138
818 4063 851 4122 Ε.
874 4063 930 4142 139
952 4066 983 4121 Δ.
1044 4045 1046 4050 ,
