2966 4824
254 323 315 384 182
645 343 694 388 nn
715 341 931 390 Pfflmls

218 517 222 524 “
249 508 390 605 soeptioi
412 510 506 580 inter
528 520 730 608 utrumque
752 509 883 606 pariter
909 505 1066 606 ambigui
1088 519 1209 597 erant,
1231 531 1323 580 neu-

250 644 350 702 trum
369 627 611 722 affirmabant3
630 628 858 704 Parmenides
880 641 1001 702 nonna
1021 626 1174 700 alterum
1196 651 1325 702 verum

250 777 324 826 esse
346 767 485 846 censet,
506 751 660 826 alterum
680 753 837 862 opinioni
857 775 1058 850 congruum
1079 747 1190 823 ducit.

741 979 759 1056 ς
788 978 839 1036 ιο.

137 1257 141 1266 -
193 1219 198 1224 ’
297 1215 482 1312 Vidimus,
498 1216 749 1292 Parmenidem
764 1241 829 1300 ens
845 1214 1037 1314 appellasse
1054 1213 1222 1312 simplex,
1238 1219 1325 1288 uni-

248 1339 380 1432 forme,
402 1337 636 1433 oontinuum,
654 1332 766 1430 σῦλον,
789 1337 839 1431 ἕν,
861 1335 1013 1438 συνεχές.
1062 1337 1138 1410 Hoc
1157 1335 1323 1436 deinceps
1382 1367 1386 1375 ·

246 1462 387 1562 propria
404 1463 712 1563 argumentatione
728 1462 894 1562 exponit,
908 1460 1155 1535 demonstrans
1172 1483 1237 1532 ens
1251 1484 1324 1532 esse

245 1583 322 1654 und
350 1598 387 1658 et
409 1581 586 1682 aequabili
604 1581 735 1658 natiuis
757 1566 971 1658 absolutum.

294 1703 412 1778 »Nam
428 1729 547 1802 quum
568 1729 689 1805 neque
710 1707 756 1779 ait
772 1730 950 1797 non-ens,
962 1732 1037 1805 qno
1049 1729 1114 1778 ene
1132 1703 1252 1778 dirimi
1268 1705 1324 1780 vel

244 1822 401 1898 diminui
424 1827 553 1924 possit,
575 1852 696 1926 neque
722 1853 788 1902 ens
814 1842 899 1902 ente
918 1827 992 1902 ulla
1016 1841 1118 1927 parte
1138 1844 1323 1927 praestan-

244 1945 319 2020 tius
350 1948 410 2024 vel
436 1947 615 2042 deterius,
650 1947 766 2048 majus
787 1949 955 2026 minusve
977 1975 1051 2024 esse
1073 1963 1201 2052 queat,
1224 1949 1322 2024 nulla

243 2074 283 2144 in
304 2098 347 2148 eo
369 2098 444 2146 esse
465 2085 580 2172 potest
599 2074 658 2148 vel
678 2071 925 2146 membrorum
950 2070 1112 2146 discretio
1134 2070 1191 2146 vel
1214 2087 1323 2145 natu·

126 2213 129 2218 '
243 2220 304 2268 rae
324 2193 522 2272 diversitas:
550 2219 634 2294 ergo
657 2208 711 2268 est
733 2195 880 2268 omnino
909 2195 966 2268 sui
992 2193 1126 2288 simile,
1148 2191 1325 2294 aequabili

243 2329 391 2410 natura,
413 2331 450 2390 et
470 2315 563 2417 globi
582 2318 693 2392 instar
711 2317 811 2390 omni
835 2342 881 2390 ex
904 2330 1006 2415 parte
1026 2315 1259 2392 rotundum.’'
1275 2323 1318 2366 ⁹⁵

291 2441 563 2538 Argumentatio
586 2439 675 2514 haec
693 2439 853 2514 multum
875 2442 1002 2538 agitata
1024 2435 1078 2512 eit
1101 2465 1121 2511 a
1143 2435 1323 2514 veteribus

242 2559 303 2638 vel
318 2561 363 2634 ad
380 2550 626 2664 declarandbm
646 2561 868 2634 Parmenidis
894 2562 1108 2634 sententiam
1129 2557 1187 2634 vel
1199 2555 1245 2630 ad
1261 2581 1323 2630 re-

243 2680 499 2781 darguendam.
549 2681 714 2756 Primum
747 2708 767 2752 a
798 2681 946 2756 Platone
978 2682 1017 2754 in
1048 2680 1225 2780 Sopbiam,
1259 2677 1323 2751 ubi

242 2803 383 2876 Eleates
398 2802 524 2902 hospes
537 2831 601 2878 eus
615 2817 760 2876 totum
781 2829 856 2878 esse
875 2819 1048 2894 statuens,
1069 2802 1117 2876 ita
1140 2803 1255 2900 pergit
1267 2801 1322 2870 ⁹⁶:

215 3027 217 3032 Ι
244 2921 271 3000 ei
296 2923 650 3018 vetustiorem,
675 2925 783 3025 ὥσπερ
807 2929 865 3002 isai
887 2921 1238 3023 Happuidnalbyur

344 3046 500 3126 vasallo
525 3052 681 3126 εὐκύκλου
708 3052 848 3148 σφαίρης
874 3047 1057 3147 ἐναλίγκιον
1080 3049 1197 3146 ὄγκῳ,
1211 3087 1258 3100 ·-

243 3171 389 3249 τοιοῦτόν
406 3200 450 3272 γε
469 3174 522 3266 ὅν,
538 3175 578 3246 ri
593 3175 627 3250 'ia
647 3175 750 3269 μέσον
769 3201 807 3247 τε
823 3174 880 3248 κα)
898 3175 1041 3272 ’ἔσχατα
1052 3171 1129 3272 ἔχει
1143 3195 1152 3210 ·
1165 3167 1325 3246 audrade

244 3298 345 3398 ἕχον,
376 3299 477 3382 παῖσα
511 3294 646 3394 ἀνάγκη
672 3297 773 3394 μέρη
806 3297 822 3372 ἐ’
827 3323 929 3396 χειν.
981 3295 1034 3368 Ita
1058 3319 1079 3370 e
1105 3281 1325 3370 Parmenidis

243 3419 344 3512 dictis
359 3422 465 3519 sequi
490 3418 645 3492 ostendit
665 3420 883 3492 eontrarium
903 3418 936 3490 ei
958 3416 1055 3517 quod
1073 3416 1132 3490 ille
1147 3406 1321 3489 effecerat

204 3569 206 3572 ·
243 3541 473 3615 Parmenides
493 3566 557 3614 ens
571 3539 684 3617 voluit
695 3565 769 3613 esse
787 3563 905 3612 unum
917 3553 954 3611 et
964 3537 1213 3634 individuum3
1226 3537 1322 3609 Plato

243 3662 480 3757 demonstrat,
510 3661 607 3762 quod
635 3661 834 3736 rotundum
857 3665 921 3756 sit,
953 3660 1083 3734 habere
1104 3659 1267 3734 medium
1288 3671 1322 3730 et

244 3762 423 3881 extrema,
450 3811 533 3885 ergo
557 3811 632 3858 non
654 3810 728 3859 esse
750 3783 901 3882 simplex
922 3785 983 3858 sed
1005 3783 1165 3883 partibus
1185 3807 1321 3882 oompo-

278 3968 337 4038 (95)
370 3969 484 4022 Viduas.
503 3974 634 4023 ror-108.

278 4061 334 4129 (96)
367 4059 440 4112 Pl³l⁰
451 4059 530 4128 δορὴ.
540 4077 563 4130 μ
575 4061 621 4142 ald
631 4063 659 4113 E.
679 4062 716 4114 Cf.
726 4079 804 4131 supra
813 4059 848 4114 ad
860 4077 895 4114 vs.
912 4075 957 4112 roa
969 4076 1006 4129 aq.
