2840 4820
267 342 313 406 88
607 361 799 403 moralius
824 359 995 413 actionus.

267 517 409 586 fortasse
423 513 561 588 dederit
571 513 668 611 quod
690 509 921 610 Empedocles
935 512 975 580 in
997 508 1154 582 carmine
1182 534 1247 580 suo
1270 509 1346 580 Xe-

268 622 426 720 nophani
453 620 735 694 contradixisset.
762 620 807 692 cl.
822 618 966 717 suprius
991 617 1083 689 dicta
1109 641 1145 714 p.
1186 616 1238 708 4,
1269 627 1345 687 not.

268 739 306 800 et
332 753 370 826 p.
398 728 462 819 28,
489 739 563 798 not.

721 891 896 956 XXXVIII.

316 1144 531 1218 Plutarchus
557 1145 724 1219 adversus
754 1146 886 1218 Stoicos
923 1144 1130 1242 disputans,
1160 1167 1196 1238 p.
1230 1139 1349 1230 1084,

268 1251 305 1320 Τ.
331 1250 379 1342 Χ,
399 1277 435 1348 p.
455 1249 545 1342 462,
569 1250 689 1322 utitur
713 1249 779 1323 hoc
803 1248 1030 1347 Xenophanis
1051 1247 1168 1320 dicto:
1188 1251 1274 1338 ὁμὲν
1302 1241 1349 1315 ὦν

206 1441 212 1452 ¹
268 1357 450 1454 Ξενοφάνης,
471 1359 649 1451 διηγουμένου
671 1362 741 1434 τινὸς
758 1362 890 1451 ἐγχιλεις
914 1363 1073 1453 ἑωρακέναι
1087 1362 1116 1422 ἐν
1137 1353 1220 1424 ὕδατι
1244 1345 1353 1447 θερμῷ

268 1473 387 1553 ζώσας,
419 1469 553 1551 Οὐκοῦν,
592 1461 692 1551 εἶπεν,
727 1473 757 1536 ἐν
794 1467 898 1561 ψνχρῷ
928 1468 1016 1543 αὑτὰς
1049 1468 1198 1555 ἐνήσομεν.
1228 1459 1350 1552 Quam

267 1569 384 1642 multa
408 1568 473 1642 illa
498 1582 613 1642 aetate
638 1569 684 1642 de
707 1569 815 1644 rebus
841 1557 1067 1642 naturalibus
1087 1568 1269 1640 ferrentur
1294 1565 1351 1637 fa·

267 1673 392 1748 bulosa
437 1701 543 1749 nemo
586 1676 748 1774 ignorat3
779 1675 1007 1773 Xenophanis
1042 1685 1164 1746 autem
1201 1697 1351 1770 respon-

268 1805 349 1852 sum
375 1780 431 1877 (si
456 1807 496 1854 re
521 1805 605 1856 vera
629 1783 673 1854 sit
698 1781 743 1854 ab
767 1780 830 1853 illo
855 1782 1022 1879 editum)
1049 1791 1198 1852 acutum
1231 1789 1285 1850 est
1314 1789 1352 1850 et

268 1911 470 1985 congruum
497 1887 609 1961 veteri
642 1885 697 1959 illi
728 1887 956 1987 physicorum
982 1884 1134 1984 placito,
1165 1883 1351 1955 contrariis

267 1995 442 2066 contraria
468 1991 609 2068 dissolvi
635 2007 672 2065 et
699 1996 858 2068 interire.

733 2243 877 2305 XXXIX.

317 2443 491 2542 Diogenes
511 2445 671 2517 Laertius
696 2445 770 2536 IX,
796 2457 879 2518 sect.
911 2471 968 2544 19,
987 2444 1198 2540 Xenophani
1223 2443 1354 2515 tribuit

230 2541 233 2551 ¹
267 2547 334 2620 hoc
365 2551 544 2622 monitum
583 2578 590 2623 :
620 2572 675 2630 τοῖς
708 2563 848 2649 τυράννοις
877 2548 1100 2646 &samosat
1142 2561 1179 2628 ὡς
1215 2551 1306 2633 ἧκιςα
1332 2550 1355 2630 ἦ

154 2663 160 2674 ’
269 2663 307 2731 ὡς
327 2655 426 2738 ἤδιςα.
452 2655 579 2728 Eidem
605 2656 811 2729 adscribunt
838 2655 1034 2756 Hesychius
1058 2653 1133 2727 Idil.
1153 2681 1188 2754 p.
1216 2655 1285 2745 31,
1316 2667 1354 2728 et

269 2759 396 2832 Suidas
422 2787 453 2834 v.
480 2763 583 2847 ἦκιςα.
611 2764 675 2860 qui
701 2775 739 2834 et
764 2762 919 2836 alterum
956 2763 1022 2834 hoc
1045 2761 1236 2860 adjungit:
1259 2763 1353 2845 ἥκιςα

269 2870 393 2958 μελῆσαι
427 2873 519 2947 αὐτοῖς
548 2869 635 2964 (τοῖς
671 2869 844 2967 τυράννοις)
868 2888 916 2952 τῆς
946 2874 1099 2951 ἀληθείας.
1132 2867 1230 2940 Illud
1264 2893 1354 2940 vero

269 2973 457 3045 Aristoteli
468 2973 595 3046 tribuit
609 2973 773 3048 Valerius
786 2975 875 3047 llIax.
899 2974 984 3065 VII,
1001 2999 1041 3064 2,
1056 2999 1113 3046 ex.
1140 2999 1174 3043 ιι
1194 3001 1202 3044 :
1219 2973 1353 3045 «Aris-

269 3105 290 3150 ν
319 3079 444 3152 toteles
457 3094 580 3155 autem
593 3081 846 3155 Callisthenem
858 3081 1058 3154 auditorem
1070 3107 1178 3153 suum
1191 3081 1236 3152 ad
1247 3080 1354 3154 Alex-

270 3210 291 3255 »
320 3185 476 3259 andrum
494 3188 678 3262 dimittens
694 3189 851 3278 monuit,
876 3199 919 3260 ut
935 3213 1019 3259 cum
1036 3213 1078 3260 eo
1096 3199 1160 3258 aut
1178 3187 1354 3259 rarissime

269 3317 291 3362 ν)
318 3305 382 3364 aut
393 3318 503 3391 qnam
514 3297 774 3390 jucundissime
789 3293 1012 3394 loqueretur.
1029 3318 1051 3364 a
1068 3294 1161 3366 Item
1187 3293 1356 3365 Ammia-

269 3424 341 3472 nus
363 3399 519 3474 Marcell.
534 3403 571 3474 L.
588 3401 735 3492 XVIII,
751 3427 786 3500 p.
808 3403 876 3472 118
901 3429 908 3472 :
936 3427 957 3473 ι(
969 3403 1082 3474 Vetus
1095 3399 1293 3473 Aristotelis
1305 3427 1356 3472 sa-

269 3529 291 3576 »
319 3507 423 3604 piens
436 3507 586 3600 dictum,
598 3511 662 3606 qui
676 3507 1190 3582 Callisthenemsectatoremet
1203 3507 1355 3606 propin-

269 3637 290 3683 »
319 3639 436 3712 quum
449 3641 557 3689 suum
571 3617 614 3688 ad
628 3617 762 3714 Regem
778 3615 1026 3689 Alexandrum
1041 3617 1186 3689 mittens
1199 3616 1232 3686 ei
1248 3640 1356 3712 saepe

268 3744 290 3790 ν)
319 3723 526 3816 mandabat,
542 3735 708 3823 utquam
726 3725 899 3796 rarissime
912 3739 949 3797 et
959 3724 1122 3819 jucunde
1136 3723 1233 3821 apud
1246 3723 1355 3794 homi·

268 3851 291 3897 »
318 3831 630 3931 nemloqueretur.
645 3859 666 3906 i>
682 3833 898 3906 Testimonia
908 3833 996 3906 haec
1008 3831 1108 3905 affert
1118 3833 1295 3904 Xusterus
1308 3831 1355 3902 ad

270 3935 429 4030 Suidam‚
445 3941 543 4014 unde
557 3953 655 4038 patet
668 3953 851 4014 auctorem
864 3943 944 4036 ejus
956 3941 1042 4013 dicti
1054 3965 1127 4011 non
1140 3951 1283 4013 certum
1294 3937 1355 4009 ha·

268 4039 358 4114 beri.
388 4042 458 4115 cfr.
476 4058 599 4119 autem
611 4046 752 4120 dictum
764 4047 923 4121 Isocratis
936 4047 981 4120 ad
993 4047 1095 4120 Dem.
1109 4073 1139 4119 c.
1163 4047 1224 4118 IV.
1253 4070 1289 4142 p.
1318 4043 1352 4114 8.
