<?xml version="1.0" encoding="UTF-8"?>
<!DOCTYPE html PUBLIC "-//W3C//DTD XHTML 1.0 Transitional//EN"
    "http://www.w3.org/TR/xhtml1/DTD/xhtml1-transitional.dtd">
<html xmlns="http://www.w3.org/1999/xhtml" xml:lang="en" lang="en">
 <head>
  <title>
</title>
<meta http-equiv="Content-Type" content="text/html;charset=utf-8" />
  <meta name='ocr-system' content='tesseract 3.04.00' />
  <meta name='ocr-capabilities' content='ocr_page ocr_carea ocr_par ocr_line ocrx_word'/>
</head>
<body>
  <div class='ocr_page' id='page_1' title='image "./philosophorumgr01xenogoog_0537.png"; bbox 0 0 2942 4830; ppageno 0'>
   <div class='ocr_carea' id='block_1_1' title="bbox 576 353 1233 417">
    <p class='ocr_par' dir='ltr' id='par_1_1' title="bbox 576 353 1233 417">
     <span class='ocr_line' id='line_1_1' title="bbox 576 353 1233 417; baseline 0 -3"><span class='ocrx_word' id='word_1_1' title='bbox 576 365 816 417; x_wconf 76' lang='lat' dir='ltr'><strong>rnmosoerua.</strong></span> <span class='ocrx_word' id='word_1_2' title='bbox 1169 353 1233 416; x_wconf 78' lang='lat'><strong>27³</strong></span> 
     </span>
    </p>
   </div>
   <div class='ocr_carea' id='block_1_2' title="bbox 153 535 1239 1492">
    <p class='ocr_par' dir='ltr' id='par_1_2' title="bbox 153 535 1239 1492">
     <span class='ocr_line' id='line_1_2' title="bbox 158 535 1234 636; baseline 0.003 -26"><span class='ocrx_word' id='word_1_3' title='bbox 158 537 218 610; x_wconf 83' lang='lat' dir='ltr'><strong>bili</strong></span> <span class='ocrx_word' id='word_1_4' title='bbox 235 535 403 636; x_wconf 88' lang='lat' dir='ltr'><strong>Simplicii</strong></span> <span class='ocrx_word' id='word_1_5' title='bbox 421 535 495 610; x_wconf 89' lang='lat' dir='ltr'><strong>looo</strong></span> <span class='ocrx_word' id='word_1_6' title='bbox 511 549 674 634; x_wconf 85' lang='lat' dir='ltr'><strong>apparet,</strong></span> <span class='ocrx_word' id='word_1_7' title='bbox 690 535 754 610; x_wconf 88' lang='lat' dir='ltr'><strong>ubi</strong></span> <span class='ocrx_word' id='word_1_8' title='bbox 773 536 831 610; x_wconf 88' lang='lat' dir='ltr'><strong>hic</strong></span> <span class='ocrx_word' id='word_1_9' title='bbox 848 538 974 632; x_wconf 81' lang='lat' dir='ltr'><strong>refert,</strong></span> <span class='ocrx_word' id='word_1_10' title='bbox 987 538 1234 613; x_wconf 86' lang='lat' dir='ltr'><strong>Parmenideru</strong></span> 
     </span>
     <span class='ocr_line' id='line_1_3' title="bbox 155 655 1235 758; baseline 0.002 -28"><span class='ocrx_word' id='word_1_11' title='bbox 155 659 302 750; x_wconf 83' lang='lat' dir='ltr'>dixisse,</span> <span class='ocrx_word' id='word_1_12' title='bbox 325 659 541 732; x_wconf 88' lang='lat' dir='ltr'><strong>Daemonem</strong></span> <span class='ocrx_word' id='word_1_13' title='bbox 564 655 679 751; x_wconf 89' lang='lat' dir='ltr'><strong>illam,</strong></span> <span class='ocrx_word' id='word_1_14' title='bbox 705 683 800 758; x_wconf 91' lang='lat' dir='ltr'><strong>quae</strong></span> <span class='ocrx_word' id='word_1_15' title='bbox 823 659 1035 736; x_wconf 76' lang='lat' dir='ltr'><strong>ualuersum</strong></span> <span class='ocrx_word' id='word_1_16' title='bbox 1054 659 1235 735; x_wconf 88' lang='lat' dir='ltr'><strong>mundum</strong></span> 
     </span>
     <span class='ocr_line' id='line_1_4' title="bbox 158 775 1235 883; baseline 0.006 -31"><span class='ocrx_word' id='word_1_17' title='bbox 158 778 355 880; x_wconf 82' lang='lat' dir='ltr'><strong>gubernat,</strong></span> <span class='ocrx_word' id='word_1_18' title='bbox 388 778 538 853; x_wconf 89' lang='lat' dir='ltr'><strong>eandem</strong></span> <span class='ocrx_word' id='word_1_19' title='bbox 566 805 714 880; x_wconf 90' lang='lat' dir='ltr'><strong>quoque</strong></span> <span class='ocrx_word' id='word_1_20' title='bbox 741 781 805 862; x_wconf 64' lang='lat' dir='ltr'><strong>vta</strong></span> <span class='ocrx_word' id='word_1_21' title='bbox 828 775 959 883; x_wconf 64' lang='grc' dir='ltr'><strong><em>ψυχάς</em></strong></span> <span class='ocrx_word' id='word_1_22' title='bbox 981 782 1124 879; x_wconf 76' lang='grc' dir='ltr'><strong>πέμπειν</strong></span> <span class='ocrx_word' id='word_1_23' title='bbox 1150 787 1235 864; x_wconf 68' lang='grc' dir='ltr'><strong>ποτὶ</strong></span> 
     </span>
     <span class='ocr_line' id='line_1_5' title="bbox 156 899 1237 999; baseline 0.006 -23"><span class='ocrx_word' id='word_1_24' title='bbox 156 906 219 997; x_wconf 67' lang='grc' dir='ltr'><strong>μὲν</strong></span> <span class='ocrx_word' id='word_1_25' title='bbox 247 899 287 979; x_wconf 77' lang='grc' dir='ltr'><strong>ἐκ</strong></span> <span class='ocrx_word' id='word_1_26' title='bbox 319 911 379 976; x_wconf 75' lang='grc' dir='ltr'><strong>τοῦ</strong></span> <span class='ocrx_word' id='word_1_27' title='bbox 408 899 619 999; x_wconf 73' lang='grc' dir='ltr'><strong>ἐμφανοῦς</strong></span> <span class='ocrx_word' id='word_1_28' title='bbox 647 902 693 982; x_wconf 75' lang='grc' dir='ltr'><strong>εἷς</strong></span> <span class='ocrx_word' id='word_1_29' title='bbox 717 903 757 978; x_wconf 74' lang='lat' dir='ltr'><strong>rb</strong></span> <span class='ocrx_word' id='word_1_30' title='bbox 780 901 941 999; x_wconf 66' lang='lat' dir='ltr'><strong>detdic,</strong></span> <span class='ocrx_word' id='word_1_31' title='bbox 968 904 1116 984; x_wconf 65' lang='lat' dir='ltr'><strong>metet</strong></span> <span class='ocrx_word' id='word_1_32' title='bbox 1148 903 1237 984; x_wconf 72' lang='lat' dir='ltr'><strong>tat-</strong></span> 
     </span>
     <span class='ocr_line' id='line_1_6' title="bbox 153 1024 1236 1120; baseline 0.001 -21"><span class='ocrx_word' id='word_1_33' title='bbox 153 1037 278 1117; x_wconf 75' lang='grc' dir='ltr'><strong><em>παλιν,</em></strong></span> <span class='ocrx_word' id='word_1_34' title='bbox 302 1026 451 1100; x_wconf 76' lang='lat' dir='ltr'><strong>animas</strong></span> <span class='ocrx_word' id='word_1_35' title='bbox 475 1024 581 1098; x_wconf 83' lang='lat' dir='ltr'><strong>modo</strong></span> <span class='ocrx_word' id='word_1_36' title='bbox 612 1051 634 1096; x_wconf 86' lang='lat' dir='ltr'><strong>e</strong></span> <span class='ocrx_word' id='word_1_37' title='bbox 662 1026 760 1098; x_wconf 81' lang='lat' dir='ltr'><strong>luce</strong></span> <span class='ocrx_word' id='word_1_38' title='bbox 793 1031 834 1100; x_wconf 85' lang='lat' dir='ltr'><strong>in</strong></span> <span class='ocrx_word' id='word_1_39' title='bbox 867 1029 1101 1120; x_wconf 83' lang='lat' dir='ltr'><strong>tenebras,</strong></span> <span class='ocrx_word' id='word_1_40' title='bbox 1130 1029 1236 1102; x_wconf 83' lang='lat' dir='ltr'><strong>modo</strong></span> 
     </span>
     <span class='ocr_line' id='line_1_7' title="bbox 153 1147 1237 1249; baseline 0.004 -31"><span class='ocrx_word' id='word_1_41' title='bbox 153 1171 328 1218; x_wconf 78' lang='lat' dir='ltr'><strong>rursuoe</strong></span> <span class='ocrx_word' id='word_1_42' title='bbox 359 1147 561 1219; x_wconf 82' lang='lat' dir='ltr'><strong>tenebris</strong></span> <span class='ocrx_word' id='word_1_43' title='bbox 587 1148 627 1218; x_wconf 82' lang='lat' dir='ltr'><strong>in</strong></span> <span class='ocrx_word' id='word_1_44' title='bbox 661 1149 807 1222; x_wconf 85' lang='lat' dir='ltr'><strong>lucem</strong></span> <span class='ocrx_word' id='word_1_45' title='bbox 839 1151 981 1223; x_wconf 81' lang='lat' dir='ltr'><strong>mittere</strong></span> <span class='ocrx_word' id='word_1_46' title='bbox 1012 1159 1091 1223; x_wconf 72' lang='lat'><strong>¹⁸¹.</strong></span> <span class='ocrx_word' id='word_1_47' title='bbox 1140 1151 1237 1249; x_wconf 88' lang='lat' dir='ltr'><strong>Ergo</strong></span> 
     </span>
     <span class='ocr_line' id='line_1_8' title="bbox 153 1268 1238 1372; baseline 0.001 -30"><span class='ocrx_word' id='word_1_48' title='bbox 153 1269 272 1343; x_wconf 88' lang='lat' dir='ltr'><strong>eidem</strong></span> <span class='ocrx_word' id='word_1_49' title='bbox 300 1268 404 1360; x_wconf 88' lang='lat' dir='ltr'><strong>deae,</strong></span> <span class='ocrx_word' id='word_1_50' title='bbox 435 1293 548 1369; x_wconf 87' lang='lat' dir='ltr'><strong>quam</strong></span> <span class='ocrx_word' id='word_1_51' title='bbox 578 1269 687 1342; x_wconf 91' lang='lat' dir='ltr'><strong>totius</strong></span> <span class='ocrx_word' id='word_1_52' title='bbox 716 1283 868 1344; x_wconf 89' lang='lat' dir='ltr'><strong>naturae</strong></span> <span class='ocrx_word' id='word_1_53' title='bbox 889 1269 1174 1372; x_wconf 81' lang='lat' dir='ltr'><strong>gubernatricem</strong></span> <span class='ocrx_word' id='word_1_54' title='bbox 1200 1285 1238 1346; x_wconf 93' lang='lat' dir='ltr'><strong>et</strong></span> 
     </span>
     <span class='ocr_line' id='line_1_9' title="bbox 153 1391 1239 1492; baseline 0.004 -28"><span class='ocrx_word' id='word_1_55' title='bbox 153 1391 308 1466; x_wconf 90' lang='lat' dir='ltr'><strong>deorum</strong></span> <span class='ocrx_word' id='word_1_56' title='bbox 328 1393 431 1492; x_wconf 84' lang='lat' dir='ltr'>quasi</span> <span class='ocrx_word' id='word_1_57' title='bbox 458 1404 645 1490; x_wconf 86' lang='lat' dir='ltr'><strong>parentem</strong></span> <span class='ocrx_word' id='word_1_58' title='bbox 668 1391 794 1484; x_wconf 79' lang='lat' dir='ltr'><strong>finxit,</strong></span> <span class='ocrx_word' id='word_1_59' title='bbox 815 1397 922 1470; x_wconf 89' lang='lat' dir='ltr'><strong>etiarn</strong></span> <span class='ocrx_word' id='word_1_60' title='bbox 944 1398 1146 1469; x_wconf 89' lang='lat' dir='ltr'><strong>animarum</strong></span> <span class='ocrx_word' id='word_1_61' title='bbox 1167 1393 1239 1468; x_wconf 89' lang='lat' dir='ltr'><strong>bu·</strong></span> 
     </span>
    </p>
   </div>
   <div class='ocr_carea' id='block_1_3' title="bbox 154 1507 1414 1617">
    <p class='ocr_par' dir='ltr' id='par_1_3' title="bbox 154 1507 1414 1617">
     <span class='ocr_line' id='line_1_10' title="bbox 154 1507 1414 1617; baseline 0.003 -30"><span class='ocrx_word' id='word_1_62' title='bbox 154 1539 348 1588; x_wconf 89' lang='lat' dir='ltr'><strong>manarum</strong></span> <span class='ocrx_word' id='word_1_63' title='bbox 375 1511 603 1585; x_wconf 80' lang='lat' dir='ltr'><strong>moderamen</strong></span> <span class='ocrx_word' id='word_1_64' title='bbox 627 1507 774 1607; x_wconf 90' lang='lat' dir='ltr'><strong>tribuit;</strong></span> <span class='ocrx_word' id='word_1_65' title='bbox 804 1515 913 1617; x_wconf 87' lang='lat' dir='ltr'><strong>quale</strong></span> <span class='ocrx_word' id='word_1_66' title='bbox 937 1543 1075 1592; x_wconf 89' lang='lat' dir='ltr'><strong>munus</strong></span> <span class='ocrx_word' id='word_1_67' title='bbox 1097 1515 1142 1590; x_wconf 86' lang='lat' dir='ltr'><strong>ab</strong></span> <span class='ocrx_word' id='word_1_68' title='bbox 1163 1513 1238 1590; x_wconf 85' lang='lat' dir='ltr'><strong>aliis</strong></span> <span class='ocrx_word' id='word_1_69' title='bbox 1341 1540 1349 1556; x_wconf 66' lang='lat'>⁸</span> <span class='ocrx_word' id='word_1_70' title='bbox 1410 1528 1414 1538; x_wconf 92' lang='lat'>&#39;</span> 
     </span>
    </p>
   </div>
   <div class='ocr_carea' id='block_1_4' title="bbox 154 1632 1324 3678">
    <p class='ocr_par' dir='ltr' id='par_1_4' title="bbox 154 1632 1324 3678">
     <span class='ocr_line' id='line_1_11' title="bbox 154 1632 1239 1736; baseline 0.001 -28"><span class='ocrx_word' id='word_1_71' title='bbox 154 1637 269 1736; x_wconf 70' lang='lat' dir='ltr'><strong>politis</strong></span> <span class='ocrx_word' id='word_1_72' title='bbox 281 1635 512 1733; x_wconf 84' lang='lat' dir='ltr'><strong>Proserpinae</strong></span> <span class='ocrx_word' id='word_1_73' title='bbox 525 1632 735 1708; x_wconf 87' lang='lat' dir='ltr'><strong>mandatnm</strong></span> <span class='ocrx_word' id='word_1_74' title='bbox 747 1645 827 1709; x_wconf 76' lang='lat'><strong>¹⁵².</strong></span> <span class='ocrx_word' id='word_1_75' title='bbox 846 1637 999 1731; x_wconf 83' lang='lat' dir='ltr'><strong>Qualem</strong></span> <span class='ocrx_word' id='word_1_76' title='bbox 1014 1652 1135 1712; x_wconf 90' lang='lat' dir='ltr'><strong>autem</strong></span> <span class='ocrx_word' id='word_1_77' title='bbox 1147 1635 1239 1710; x_wconf 88' lang='lat' dir='ltr'><strong>hanc</strong></span> 
     </span>
     <span class='ocr_line' id='line_1_12' title="bbox 155 1755 1324 1857; baseline 0 -26"><span class='ocrx_word' id='word_1_78' title='bbox 155 1755 361 1832; x_wconf 87' lang='lat' dir='ltr'><strong>animarum</strong></span> <span class='ocrx_word' id='word_1_79' title='bbox 388 1757 634 1857; x_wconf 83' lang='lat' dir='ltr'><strong>migrationem</strong></span> <span class='ocrx_word' id='word_1_80' title='bbox 663 1757 898 1850; x_wconf 84' lang='lat' dir='ltr'><strong>intellexerit,</strong></span> <span class='ocrx_word' id='word_1_81' title='bbox 921 1785 967 1835; x_wconf 86' lang='lat' dir='ltr'><strong>ex</strong></span> <span class='ocrx_word' id='word_1_82' title='bbox 986 1757 1041 1833; x_wconf 92' lang='lat' dir='ltr'><strong>bis</strong></span> <span class='ocrx_word' id='word_1_83' title='bbox 1064 1785 1136 1833; x_wconf 90' lang='lat' dir='ltr'><strong>non</strong></span> <span class='ocrx_word' id='word_1_84' title='bbox 1158 1759 1239 1832; x_wconf 85' lang='lat' dir='ltr'><strong>satis</strong></span> <span class='ocrx_word' id='word_1_85' title='bbox 1320 1799 1324 1808; x_wconf 93' lang='lat'>·</span> 
     </span>
     <span class='ocr_line' id='line_1_13' title="bbox 155 1879 1239 1977; baseline 0 -25"><span class='ocrx_word' id='word_1_86' title='bbox 155 1879 346 1952; x_wconf 83' lang='lat' dir='ltr'><strong>manifesta</strong></span> <span class='ocrx_word' id='word_1_87' title='bbox 369 1891 534 1977; x_wconf 82' lang='lat' dir='ltr'><strong>apparet3</strong></span> <span class='ocrx_word' id='word_1_88' title='bbox 560 1891 688 1951; x_wconf 88' lang='lat' dir='ltr'><strong>utrum</strong></span> <span class='ocrx_word' id='word_1_89' title='bbox 711 1903 813 1952; x_wconf 86' lang='lat' dir='ltr'><strong>ease</strong></span> <span class='ocrx_word' id='word_1_90' title='bbox 839 1881 939 1954; x_wconf 88' lang='lat' dir='ltr'><strong>luce</strong></span> <span class='ocrx_word' id='word_1_91' title='bbox 961 1883 1005 1954; x_wconf 93' lang='lat' dir='ltr'><strong>in</strong></span> <span class='ocrx_word' id='word_1_92' title='bbox 1029 1879 1239 1956; x_wconf 87' lang='lat' dir='ltr'><strong>tenebras</strong></span> 
     </span>
     <span class='ocr_line' id='line_1_14' title="bbox 157 2000 1239 2101; baseline 0.002 -27"><span class='ocrx_word' id='word_1_93' title='bbox 157 2001 331 2074; x_wconf 87' lang='lat' dir='ltr'><strong>demitti</strong></span> <span class='ocrx_word' id='word_1_94' title='bbox 351 2000 481 2078; x_wconf 82' lang='lat' dir='ltr'><strong>dixerit</strong></span> <span class='ocrx_word' id='word_1_95' title='bbox 498 2015 595 2090; x_wconf 89' lang='lat' dir='ltr'><strong>tum,</strong></span> <span class='ocrx_word' id='word_1_96' title='bbox 615 2025 751 2101; x_wconf 91' lang='lat' dir='ltr'><strong>quum,</strong></span> <span class='ocrx_word' id='word_1_97' title='bbox 771 2001 868 2078; x_wconf 87' lang='lat' dir='ltr'><strong>vitali</strong></span> <span class='ocrx_word' id='word_1_98' title='bbox 882 2001 965 2079; x_wconf 85' lang='lat' dir='ltr'><strong>luoe</strong></span> <span class='ocrx_word' id='word_1_99' title='bbox 981 2004 1172 2093; x_wconf 81' lang='lat' dir='ltr'><strong>exstinctu,</strong></span> <span class='ocrx_word' id='word_1_100' title='bbox 1192 2003 1239 2076; x_wconf 90' lang='lat' dir='ltr'><strong>ad</strong></span> 
     </span>
     <span class='ocr_line' id='line_1_15' title="bbox 155 2119 1241 2223; baseline 0.004 -27"><span class='ocrx_word' id='word_1_101' title='bbox 155 2121 304 2196; x_wconf 87' lang='lat' dir='ltr'><strong>umbras</strong></span> <span class='ocrx_word' id='word_1_102' title='bbox 322 2121 451 2196; x_wconf 89' lang='lat' dir='ltr'><strong>abeant</strong></span> <span class='ocrx_word' id='word_1_103' title='bbox 466 2121 525 2220; x_wconf 90' lang='lat' dir='ltr'><strong>(ut</strong></span> <span class='ocrx_word' id='word_1_104' title='bbox 542 2119 674 2222; x_wconf 86' lang='lat' dir='ltr'><strong>vulgus</strong></span> <span class='ocrx_word' id='word_1_105' title='bbox 689 2119 886 2222; x_wconf 86' lang='lat' dir='ltr'><strong>credebat),</strong></span> <span class='ocrx_word' id='word_1_106' title='bbox 903 2149 950 2197; x_wconf 92' lang='lat' dir='ltr'><strong>an</strong></span> <span class='ocrx_word' id='word_1_107' title='bbox 966 2137 1104 2215; x_wconf 73' lang='lat' dir='ltr'><strong>uonna,</strong></span> <span class='ocrx_word' id='word_1_108' title='bbox 1120 2149 1241 2223; x_wconf 84' lang='lat' dir='ltr'><strong>quum</strong></span> 
     </span>
     <span class='ocr_line' id='line_1_16' title="bbox 157 2227 1240 2346; baseline 0.003 -29"><span class='ocrx_word' id='word_1_109' title='bbox 157 2227 204 2318; x_wconf 92' lang='lat' dir='ltr'><strong>de</strong></span> <span class='ocrx_word' id='word_1_110' title='bbox 227 2245 323 2318; x_wconf 85' lang='lat' dir='ltr'><strong>coelo</strong></span> <span class='ocrx_word' id='word_1_111' title='bbox 349 2243 511 2343; x_wconf 82' lang='lat' dir='ltr'><strong>delapsae</strong></span> <span class='ocrx_word' id='word_1_112' title='bbox 534 2243 574 2316; x_wconf 92' lang='lat' dir='ltr'><strong>in</strong></span> <span class='ocrx_word' id='word_1_113' title='bbox 593 2255 774 2317; x_wconf 84' lang='lat' dir='ltr'><strong>terrenam</strong></span> <span class='ocrx_word' id='word_1_114' title='bbox 798 2244 984 2346; x_wconf 80' lang='lat' dir='ltr'><strong>caliginem</strong></span> <span class='ocrx_word' id='word_1_115' title='bbox 1004 2245 1240 2320; x_wconf 87' lang='lat' dir='ltr'><strong>demittantur</strong></span> 
     </span>
     <span class='ocr_line' id='line_1_17' title="bbox 157 2363 1243 2466; baseline -0.003 -24"><span class='ocrx_word' id='word_1_116' title='bbox 157 2369 217 2466; x_wconf 87' lang='lat' dir='ltr'><strong>(ut</strong></span> <span class='ocrx_word' id='word_1_117' title='bbox 235 2363 453 2466; x_wconf 85' lang='lat' dir='ltr'><strong>sapientibus</strong></span> <span class='ocrx_word' id='word_1_118' title='bbox 467 2363 678 2465; x_wconf 82' lang='lat' dir='ltr'><strong>placuit);et</strong></span> <span class='ocrx_word' id='word_1_119' title='bbox 699 2367 854 2441; x_wconf 84' lang='lat' dir='ltr'><strong>vicissim</strong></span> <span class='ocrx_word' id='word_1_120' title='bbox 877 2367 1077 2441; x_wconf 83' lang='lat' dir='ltr'><strong>inlunem</strong></span> <span class='ocrx_word' id='word_1_121' title='bbox 1097 2367 1243 2440; x_wconf 86' lang='lat' dir='ltr'><strong>emitti</strong></span> 
     </span>
     <span class='ocr_line' id='line_1_18' title="bbox 158 2485 1320 2586; baseline -0.002 -24"><span class='ocrx_word' id='word_1_122' title='bbox 158 2487 361 2564; x_wconf 83' lang='lat' dir='ltr'><strong>volueritne</strong></span> <span class='ocrx_word' id='word_1_123' title='bbox 394 2499 495 2576; x_wconf 92' lang='lat' dir='ltr'><strong>tum,</strong></span> <span class='ocrx_word' id='word_1_124' title='bbox 527 2511 645 2586; x_wconf 89' lang='lat' dir='ltr'><strong>quum</strong></span> <span class='ocrx_word' id='word_1_125' title='bbox 677 2487 837 2584; x_wconf 86' lang='lat' dir='ltr'><strong>primum</strong></span> <span class='ocrx_word' id='word_1_126' title='bbox 859 2489 952 2565; x_wconf 88' lang='lat' dir='ltr'><strong>vitae</strong></span> <span class='ocrx_word' id='word_1_127' title='bbox 976 2489 1094 2561; x_wconf 89' lang='lat' dir='ltr'><strong>lucem</strong></span> <span class='ocrx_word' id='word_1_128' title='bbox 1118 2485 1240 2586; x_wconf 87' lang='lat' dir='ltr'><strong>adspi·</strong></span> <span class='ocrx_word' id='word_1_129' title='bbox 1318 2534 1320 2543; x_wconf 76' lang='lat'><em>=</em></span> 
     </span>
     <span class='ocr_line' id='line_1_19' title="bbox 159 2607 1240 2710; baseline -0.002 -26"><span class='ocrx_word' id='word_1_130' title='bbox 159 2612 331 2702; x_wconf 84' lang='lat' dir='ltr'><strong>uiant,an</strong></span> <span class='ocrx_word' id='word_1_131' title='bbox 341 2621 601 2710; x_wconf 85' lang='lat' dir='ltr'><strong>quumeterra</strong></span> <span class='ocrx_word' id='word_1_132' title='bbox 613 2611 716 2708; x_wconf 86' lang='lat' dir='ltr'><strong>quasi</strong></span> <span class='ocrx_word' id='word_1_133' title='bbox 729 2635 870 2684; x_wconf 89' lang='lat' dir='ltr'><strong>carcere</strong></span> <span class='ocrx_word' id='word_1_134' title='bbox 882 2609 926 2682; x_wconf 91' lang='lat' dir='ltr'><strong>ad</strong></span> <span class='ocrx_word' id='word_1_135' title='bbox 936 2635 1065 2707; x_wconf 88' lang='lat' dir='ltr'><strong>supera</strong></span> <span class='ocrx_word' id='word_1_136' title='bbox 1076 2607 1240 2700; x_wconf 85' lang='lat' dir='ltr'><strong>evolent,</strong></span> 
     </span>
     <span class='ocr_line' id='line_1_20' title="bbox 159 2729 1238 2822; baseline -0.002 -17"><span class='ocrx_word' id='word_1_137' title='bbox 159 2733 248 2806; x_wconf 73' lang='lat' dir='ltr'><strong>liaeo</strong></span> <span class='ocrx_word' id='word_1_138' title='bbox 272 2759 345 2804; x_wconf 93' lang='lat' dir='ltr'><strong>non</strong></span> <span class='ocrx_word' id='word_1_139' title='bbox 373 2733 455 2804; x_wconf 90' lang='lat' dir='ltr'><strong>satis</strong></span> <span class='ocrx_word' id='word_1_140' title='bbox 478 2729 662 2804; x_wconf 85' lang='lat' dir='ltr'><strong>manifesta</strong></span> <span class='ocrx_word' id='word_1_141' title='bbox 686 2747 784 2808; x_wconf 87' lang='lat' dir='ltr'><strong>sunt.</strong></span> <span class='ocrx_word' id='word_1_142' title='bbox 837 2736 883 2806; x_wconf 78' lang='lat' dir='ltr'><strong>At</strong></span> <span class='ocrx_word' id='word_1_143' title='bbox 904 2733 933 2804; x_wconf 92' lang='lat' dir='ltr'><strong>si</strong></span> <span class='ocrx_word' id='word_1_144' title='bbox 955 2732 1238 2822; x_wconf 88' lang='lat' dir='ltr'><strong>meminerimus,</strong></span> 
     </span>
     <span class='ocr_line' id='line_1_21' title="bbox 160 2851 1241 2955; baseline 0 -27"><span class='ocrx_word' id='word_1_145' title='bbox 160 2881 255 2955; x_wconf 89' lang='lat' dir='ltr'><strong>quae</strong></span> <span class='ocrx_word' id='word_1_146' title='bbox 266 2851 496 2927; x_wconf 84' lang='lat' dir='ltr'><strong>Parmenides</strong></span> <span class='ocrx_word' id='word_1_147' title='bbox 507 2855 551 2924; x_wconf 87' lang='lat' dir='ltr'><strong>in&#39;</strong></span> <span class='ocrx_word' id='word_1_148' title='bbox 559 2853 726 2926; x_wconf 79' lang='lat' dir='ltr'><strong>carminis</strong></span> <span class='ocrx_word' id='word_1_149' title='bbox 736 2855 915 2953; x_wconf 88' lang='lat' dir='ltr'><strong>prooemio</strong></span> <span class='ocrx_word' id='word_1_150' title='bbox 927 2855 1046 2952; x_wconf 88' lang='lat' dir='ltr'><strong>lingit,</strong></span> <span class='ocrx_word' id='word_1_151' title='bbox 1062 2851 1153 2926; x_wconf 84' lang='lat' dir='ltr'><strong>duas</strong></span> <span class='ocrx_word' id='word_1_152' title='bbox 1166 2877 1241 2928; x_wconf 84' lang='lat' dir='ltr'><strong>esse</strong></span> 
     </span>
     <span class='ocr_line' id='line_1_22' title="bbox 160 2972 1241 3075; baseline -0.006 -21"><span class='ocrx_word' id='word_1_153' title='bbox 160 2978 250 3067; x_wconf 80' lang='lat' dir='ltr'><strong>vias,</strong></span> <span class='ocrx_word' id='word_1_154' title='bbox 267 2975 414 3049; x_wconf 87' lang='lat' dir='ltr'><strong>alteram</strong></span> <span class='ocrx_word' id='word_1_155' title='bbox 435 2972 564 3066; x_wconf 85' lang='lat' dir='ltr'><strong>lucis,</strong></span> <span class='ocrx_word' id='word_1_156' title='bbox 580 2973 728 3048; x_wconf 86' lang='lat' dir='ltr'><strong>alteram</strong></span> <span class='ocrx_word' id='word_1_157' title='bbox 748 2978 908 3066; x_wconf 88' lang='lat' dir='ltr'><strong>noctis,</strong></span> <span class='ocrx_word' id='word_1_158' title='bbox 926 2999 1083 3075; x_wconf 90' lang='lat' dir='ltr'><strong>quarum</strong></span> <span class='ocrx_word' id='word_1_159' title='bbox 1099 2974 1156 3047; x_wconf 89' lang='lat' dir='ltr'><strong>illa</strong></span> <span class='ocrx_word' id='word_1_160' title='bbox 1173 3001 1241 3048; x_wconf 86' lang='lat' dir='ltr'><strong>re-</strong></span> 
     </span>
     <span class='ocr_line' id='line_1_23' title="bbox 161 3092 1242 3190; baseline -0.002 -20"><span class='ocrx_word' id='word_1_161' title='bbox 161 3097 319 3188; x_wconf 90' lang='lat' dir='ltr'><strong>ritatem,</strong></span> <span class='ocrx_word' id='word_1_162' title='bbox 337 3092 424 3166; x_wconf 87' lang='lat' dir='ltr'><strong>haec</strong></span> <span class='ocrx_word' id='word_1_163' title='bbox 447 3117 624 3184; x_wconf 87' lang='lat' dir='ltr'><strong>errorem,</strong></span> <span class='ocrx_word' id='word_1_164' title='bbox 647 3093 755 3166; x_wconf 86' lang='lat' dir='ltr'><strong>altera</strong></span> <span class='ocrx_word' id='word_1_165' title='bbox 771 3119 826 3167; x_wconf 89' lang='lat' dir='ltr'><strong>res</strong></span> <span class='ocrx_word' id='word_1_166' title='bbox 847 3109 1007 3170; x_wconf 85' lang='lat' dir='ltr'><strong>aeternas</strong></span> <span class='ocrx_word' id='word_1_167' title='bbox 1027 3109 1065 3168; x_wconf 90' lang='lat' dir='ltr'><strong>et</strong></span> <span class='ocrx_word' id='word_1_168' title='bbox 1085 3095 1242 3190; x_wconf 86' lang='lat' dir='ltr'><strong>divinas,</strong></span> 
     </span>
     <span class='ocr_line' id='line_1_24' title="bbox 162 3212 1242 3314; baseline -0.001 -23"><span class='ocrx_word' id='word_1_169' title='bbox 162 3217 271 3291; x_wconf 89' lang='lat' dir='ltr'><strong>altera</strong></span> <span class='ocrx_word' id='word_1_170' title='bbox 282 3215 458 3289; x_wconf 83' lang='lat' dir='ltr'><strong>humanas</strong></span> <span class='ocrx_word' id='word_1_171' title='bbox 469 3212 665 3314; x_wconf 79' lang='lat' dir='ltr'><strong>etcaducas</strong></span> <span class='ocrx_word' id='word_1_172' title='bbox 676 3216 847 3313; x_wconf 87' lang='lat' dir='ltr'><strong>significat</strong></span> <span class='ocrx_word' id='word_1_173' title='bbox 863 3223 902 3269; x_wconf 79' lang='lat'><strong>¹⁵</strong></span> <span class='ocrx_word' id='word_1_174' title='bbox 910 3225 941 3309; x_wconf 78' lang='lat'><strong>³3</strong></span> <span class='ocrx_word' id='word_1_175' title='bbox 953 3229 989 3289; x_wconf 91' lang='lat' dir='ltr'><strong>et</strong></span> <span class='ocrx_word' id='word_1_176' title='bbox 1001 3241 1096 3314; x_wconf 84' lang='lat' dir='ltr'><strong>quae</strong></span> <span class='ocrx_word' id='word_1_177' title='bbox 1112 3215 1242 3290; x_wconf 89' lang='lat' dir='ltr'><strong>deinde</strong></span> 
     </span>
     <span class='ocr_line' id='line_1_25' title="bbox 162 3335 1243 3430; baseline 0.001 -19"><span class='ocrx_word' id='word_1_178' title='bbox 162 3339 217 3412; x_wconf 85' lang='lat' dir='ltr'><strong>bis</strong></span> <span class='ocrx_word' id='word_1_179' title='bbox 241 3351 477 3412; x_wconf 88' lang='lat' dir='ltr'><strong>consentanea</strong></span> <span class='ocrx_word' id='word_1_180' title='bbox 499 3335 623 3408; x_wconf 84' lang='lat' dir='ltr'><strong>statuit</strong></span> <span class='ocrx_word' id='word_1_181' title='bbox 644 3349 796 3408; x_wconf 89' lang='lat' dir='ltr'><strong>naturae</strong></span> <span class='ocrx_word' id='word_1_182' title='bbox 815 3335 1009 3430; x_wconf 88' lang='lat' dir='ltr'><strong>elementa,</strong></span> <span class='ocrx_word' id='word_1_183' title='bbox 1030 3337 1181 3410; x_wconf 89' lang='lat' dir='ltr'><strong>lucem</strong></span> <span class='ocrx_word' id='word_1_184' title='bbox 1205 3353 1243 3412; x_wconf 88' lang='lat' dir='ltr'><strong>et</strong></span> 
     </span>
     <span class='ocr_line' id='line_1_26' title="bbox 163 3455 1244 3557; baseline 0.002 -25"><span class='ocrx_word' id='word_1_185' title='bbox 163 3458 383 3551; x_wconf 87' lang='lat' dir='ltr'><strong>tenebras,</strong></span> <span class='ocrx_word' id='word_1_186' title='bbox 396 3483 554 3557; x_wconf 89' lang='lat' dir='ltr'><strong>quorum</strong></span> <span class='ocrx_word' id='word_1_187' title='bbox 571 3455 638 3530; x_wconf 89' lang='lat' dir='ltr'><strong>boc</strong></span> <span class='ocrx_word' id='word_1_188' title='bbox 654 3471 794 3531; x_wconf 88' lang='lat' dir='ltr'><strong>terrena</strong></span> <span class='ocrx_word' id='word_1_189' title='bbox 806 3459 1014 3557; x_wconf 89' lang='lat' dir='ltr'><strong>praecipue,</strong></span> <span class='ocrx_word' id='word_1_190' title='bbox 1027 3458 1117 3534; x_wconf 91' lang='lat' dir='ltr'><strong>illud</strong></span> <span class='ocrx_word' id='word_1_191' title='bbox 1127 3459 1244 3534; x_wconf 87' lang='lat' dir='ltr'><strong>aetbe-</strong></span> 
     </span>
     <span class='ocr_line' id='line_1_27' title="bbox 163 3575 1320 3678; baseline 0 -24"><span class='ocrx_word' id='word_1_192' title='bbox 163 3583 215 3654; x_wconf 85' lang='lat' dir='ltr'><strong>ria</strong></span> <span class='ocrx_word' id='word_1_193' title='bbox 226 3577 490 3678; x_wconf 79' lang='lat' dir='ltr'><strong>complectitur,</strong></span> <span class='ocrx_word' id='word_1_194' title='bbox 509 3575 563 3648; x_wconf 86' lang='lat' dir='ltr'><strong>bis</strong></span> <span class='ocrx_word' id='word_1_195' title='bbox 573 3577 683 3677; x_wconf 89' lang='lat' dir='ltr'><strong>igitur</strong></span> <span class='ocrx_word' id='word_1_196' title='bbox 698 3579 921 3676; x_wconf 82' lang='lat' dir='ltr'><strong>eomparatis,</strong></span> <span class='ocrx_word' id='word_1_197' title='bbox 937 3605 1010 3654; x_wconf 92' lang='lat' dir='ltr'><strong>non</strong></span> <span class='ocrx_word' id='word_1_198' title='bbox 1021 3579 1174 3655; x_wconf 88' lang='lat' dir='ltr'><strong>dubium</strong></span> <span class='ocrx_word' id='word_1_199' title='bbox 1185 3582 1243 3659; x_wconf 82' lang='lat' dir='ltr'><strong>vi·</strong></span> <span class='ocrx_word' id='word_1_200' title='bbox 1318 3659 1320 3665; x_wconf 68' lang='grc'>,</span> 
     </span>
    </p>
   </div>
   <div class='ocr_carea' id='block_1_5' title="bbox 162 3783 1245 4122">
    <p class='ocr_par' dir='ltr' id='par_1_5' title="bbox 197 3783 1199 3858">
     <span class='ocr_line' id='line_1_28' title="bbox 197 3783 1199 3858; baseline 0.006 -22"><span class='ocrx_word' id='word_1_201' title='bbox 197 3783 270 3850; x_wconf 84' lang='grc' dir='ltr'>(ι5ι)</span> <span class='ocrx_word' id='word_1_202' title='bbox 304 3784 418 3854; x_wconf 74' lang='lat' dir='ltr'><strong>Simplie</strong></span> <span class='ocrx_word' id='word_1_203' title='bbox 427 3783 503 3852; x_wconf 72' lang='lat' dir='ltr'><strong>Plrys.</strong></span> <span class='ocrx_word' id='word_1_204' title='bbox 519 3787 536 3837; x_wconf 85' lang='lat' dir='ltr'><strong>t</strong></span> <span class='ocrx_word' id='word_1_205' title='bbox 547 3801 565 3854; x_wconf 79' lang='lat'><strong>9</strong></span> <span class='ocrx_word' id='word_1_206' title='bbox 578 3788 607 3840; x_wconf 79' lang='grc' dir='ltr'><strong>Α.</strong></span> <span class='ocrx_word' id='word_1_207' title='bbox 641 3785 679 3839; x_wconf 77' lang='lat' dir='ltr'><strong>Cf.</strong></span> <span class='ocrx_word' id='word_1_208' title='bbox 690 3785 994 3848; x_wconf 75' lang='lat' dir='ltr'><strong>nitur,ceactr.d.1²ttt</strong></span> <span class='ocrx_word' id='word_1_209' title='bbox 1004 3787 1061 3840; x_wconf 80' lang='lat' dir='ltr'><strong>Vol.</strong></span> <span class='ocrx_word' id='word_1_210' title='bbox 1074 3792 1094 3850; x_wconf 83' lang='grc'><strong>1,</strong></span> <span class='ocrx_word' id='word_1_211' title='bbox 1105 3805 1131 3858; x_wconf 84' lang='lat' dir='ltr'><strong>p.</strong></span> <span class='ocrx_word' id='word_1_212' title='bbox 1142 3789 1199 3851; x_wconf 71' lang='grc'><strong>486.</strong></span> 
     </span>
    </p>

    <p class='ocr_par' dir='ltr' id='par_1_6' title="bbox 162 3874 1245 4032">
     <span class='ocr_line' id='line_1_29' title="bbox 198 3874 1245 3954; baseline 0.005 -28"><span class='ocrx_word' id='word_1_213' title='bbox 198 3874 273 3942; x_wconf 70' lang='lat'>(152)</span> <span class='ocrx_word' id='word_1_214' title='bbox 305 3875 340 3928; x_wconf 87' lang='lat' dir='ltr'><strong>Ut</strong></span> <span class='ocrx_word' id='word_1_215' title='bbox 361 3893 377 3926; x_wconf 80' lang='lat' dir='ltr'><strong>a</strong></span> <span class='ocrx_word' id='word_1_216' title='bbox 398 3875 526 3954; x_wconf 74' lang='lat' dir='ltr'><strong>Pindaro,</strong></span> <span class='ocrx_word' id='word_1_217' title='bbox 539 3876 566 3926; x_wconf 91' lang='lat' dir='ltr'><strong>ia</strong></span> <span class='ocrx_word' id='word_1_218' title='bbox 585 3874 675 3941; x_wconf 68' lang='lat' dir='ltr'><strong>fragm.</strong></span> <span class='ocrx_word' id='word_1_219' title='bbox 694 3875 857 3930; x_wconf 74' lang='lat' dir='ltr'><strong>Tbrmoruru</strong></span> <span class='ocrx_word' id='word_1_220' title='bbox 880 3895 920 3946; x_wconf 85' lang='lat' dir='ltr'><strong>ap.</strong></span> <span class='ocrx_word' id='word_1_221' title='bbox 940 3879 1039 3930; x_wconf 82' lang='lat' dir='ltr'><strong>Platon.</strong></span> <span class='ocrx_word' id='word_1_222' title='bbox 1052 3881 1245 3949; x_wconf 67' lang='lat' dir='ltr'><strong>Menon.p.ssr;</strong></span> 
     </span>
     <span class='ocr_line' id='line_1_30' title="bbox 162 3963 767 4032; baseline -0.003 -16"><span class='ocrx_word' id='word_1_223' title='bbox 162 3965 189 4018; x_wconf 89' lang='lat' dir='ltr'><strong>in</strong></span> <span class='ocrx_word' id='word_1_224' title='bbox 204 3963 325 4018; x_wconf 73' lang='lat' dir='ltr'><strong>boecklrii</strong></span> <span class='ocrx_word' id='word_1_225' title='bbox 343 3963 458 4018; x_wconf 83' lang='lat' dir='ltr'><strong>editione</strong></span> <span class='ocrx_word' id='word_1_226' title='bbox 470 3963 592 4026; x_wconf 79' lang='lat' dir='ltr'><strong>Pindari,</strong></span> <span class='ocrx_word' id='word_1_227' title='bbox 614 3965 704 4028; x_wconf 72' lang='lat' dir='ltr'><strong>fragat.</strong></span> <span class='ocrx_word' id='word_1_228' title='bbox 726 3965 767 4032; x_wconf 79' lang='lat'><strong>9⁸·</strong></span> 
     </span>
    </p>

    <p class='ocr_par' dir='ltr' id='par_1_7' title="bbox 197 4055 475 4122">
     <span class='ocr_line' id='line_1_31' title="bbox 197 4055 475 4122; baseline 0 -16"><span class='ocrx_word' id='word_1_229' title='bbox 197 4055 271 4122; x_wconf 74' lang='lat'>(153)</span> <span class='ocrx_word' id='word_1_230' title='bbox 304 4057 406 4110; x_wconf 65' lang='lat' dir='ltr'><strong>vetra</strong></span> <span class='ocrx_word' id='word_1_231' title='bbox 440 4073 475 4106; x_wconf 85' lang='grc' dir='ltr'><strong>ιι.</strong></span> 
     </span>
    </p>
   </div>
   <div class='ocr_carea' id='block_1_6' title="bbox 214 4092 1053 4224">
    <p class='ocr_par' dir='ltr' id='par_1_8' title="bbox 214 4092 1053 4224">
     <span class='ocr_line' id='line_1_32' title="bbox 214 4092 1053 4224; baseline 0.006 -7"><span class='ocrx_word' id='word_1_232' title='bbox 214 4149 258 4218; x_wconf 92' lang='lat' dir='ltr'><strong>ll.</strong></span> <span class='ocrx_word' id='word_1_233' title='bbox 918 4092 922 4100; x_wconf 27' lang='grc' dir='ltr'>Ι</span> <span class='ocrx_word' id='word_1_234' title='bbox 1015 4155 1053 4224; x_wconf 83' lang='grc' dir='ltr'><strong>ι8</strong></span> 
     </span>
    </p>
   </div>
   <div class='ocr_carea' id='block_1_7' title="bbox 0 0 1497 4830">
    <p class='ocr_par' dir='ltr' id='par_1_9' title="bbox 0 0 1497 4830">
     <span class='ocr_line' id='line_1_33' title="bbox 0 0 1497 4830; baseline 0 0"><span class='ocrx_word' id='word_1_235' title='bbox 0 0 1497 4830; x_wconf 95' lang='lat' dir='ltr'><strong> </strong></span> 
     </span>
    </p>
   </div>
  </div>
 </body>
</html>
