2870 4824
507 357 685 427 aanomss.
1092 341 1137 406 49

1056 435 1098 473 D

252 496 458 602 βαθυρρείταο
481 514 559 602 μέγα
575 503 680 588 σθένος
700 512 867 602 Ὠκεανοῖο,

165 611 194 692 ἐξ
216 637 302 707 ωπερ
321 620 429 690 πάντες
442 620 560 706 ποταμοί
580 622 630 684 καί
645 633 728 687 πᾶσα
747 619 892 688 θάλασσα

164 719 209 784 καί
225 732 317 786 πᾶσαι
343 735 446 812 κρῆναι
471 725 521 788 καί
544 729 666 817 φρείατα
686 731 788 820 μακρὰ
812 733 933 795 νέαισιν.

565 951 637 1016 ΧΠ.

159 1133 246 1209 Γαίης
268 1133 322 1222 μὲν
345 1131 409 1200 τόδε
433 1148 535 1227 πεῖρας
559 1129 623 1200 οἴνω
650 1139 710 1228 πάρ
740 1137 836 1204 ποσσίν
863 1141 966 1228 ὁρᾶται

159 1234 258 1332 αἰθέρι
280 1239 480 1332 προςπλάζον,
505 1245 543 1308 τὰ
563 1231 691 1308 scitu&
718 1245 746 1316 ἐς
768 1237 885 1334 ἄπειρον
908 1237 1014 1308 ίκοίνει.

75 1425 196 1502 laudat
226 1427 290 1502 hos
329 1455 454 1503 versus
492 1429 643 1530 diligens
681 1429 779 1506 testis
831 1431 992 1507 Achilles
1020 1433 1141 1507 Tatius

73 1537 105 1608 in
125 1537 263 1637 isagoge
287 1537 330 1610 ad
353 1538 509 1611 Aratum
534 1540 629 1612 edita
654 1537 694 1610 in
721 1539 859 1616 Petavii
872 1539 992 1613 Doctr.
1016 1541 1139 1638 Temp.

73 1641 268 1742 v01.111,p.
286 1642 345 1746 76.
360 1645 469 1720 Antv.
488 1645 642 1720 Versum
659 1657 783 1720 autem
801 1645 1004 1722 secundum
1020 1673 1142 1721 emen-

71 1749 184 1822 datum
203 1750 288 1826 dedi
309 1753 359 1822 ita
378 1765 421 1824 ut
446 1777 570 1825 sensus
596 1765 634 1827 et
655 1763 816 1825 metrum
838 1751 1021 1851 postulare
1044 1753 1141 1830 vide-

71 1853 218 1955 bantur3
240 1858 387 1959 vulgata
408 1857 513 1934 lectio
537 1857 626 1933 haec
649 1871 728 1932 est:

152 2031 204 2095 καί
219 2025 267 2123 ῥεῖ
290 2027 490 2124 προςπλοίζον,
515 2025 598 2096 κοίτω
620 2018 646 2096 d‘
668 2033 707 2103 είς
730 2023 849 2124 ἄπειρον
874 2031 1008 2097 ἱκνεῖται.

69 2195 173 2270 Verba
197 2203 250 2267 καί
271 2197 322 2294 ῥα
345 2194 494 2269 nullum
512 2195 650 2269 habent
670 2219 839 2289 sensum3
859 2206 939 2268 κάτω
962 2207 1000 2268 et
1022 2205 1144 2268 ἱκνεῖται

67 2315 171 2376 metro
189 2303 442 2395 adversantur3
454 2301 553 2402 quod
567 2301 705 2374 correxi
721 2300 824 2398 αἰθέρι
835 2293 1028 2399 προςτίλοίζον,
1046 2315 1144 2378 recte
1204 2331 1207 2344 ¹

66 2409 190 2482 dicitur
215 2422 335 2483 torrae
360 2409 564 2507 sup'erficies
585 2413 705 2480 acrem
729 2401 948 2505 contingere}
965 2408 1144 2482 Homerus
1272 2443 1274 2449 ⁸

66 2517 124 2590 Od.
140 2523 172 2588 λ.
188 2515 262 2589 583
278 2527 320 2598 :ri
348 2517 578 2615 δέπροςέπλαζε
600 2527 709 2610 γενείῳ.
734 2513 842 2608 Quod
866 2515 907 2585 in
930 2539 1017 2590 voce
1040 2519 1145 2615 αἰθέρι

63 2621 186 2698 ultima
223 2621 358 2723 syllaba
381 2647 456 2695 non
492 2621 666 2720 producta
699 2619 744 2691 sit
777 2621 958 2718 positionis
991 2647 1145 2718 caussa,

65 2729 207 2804 Homeri
233 2755 307 2804 usu
334 2731 416 2804 satis
447 2727 634 2829 probatur.
664 2728 888 2802 Sententiam
913 2727 1007 2804 infra
1030 2728 1143 2829 expli-

65 2837 231 2912 [abimus.

420 3021 426 3034 ·
559 2999 644 3064 Xlll.

148 3193 214 3262 Ἤν
241 3185 351 3289 τ’Ἷριν
375 3196 529 3284 καλέουσι,
554 3199 632 3290 νέφος
654 3195 705 3259 καί
730 3199 806 3260 τοῦτο
828 3187 933 3287 πέφικε

159 3303 311 3398 πορφύρεον
328 3305 377 3368 καί
402 3307 533 3397 φοινίκεον
559 3302 612 3368 καί
627 3300 740 3394 χλωρὸν
766 3293 895 3366 ἰδέσθαι.

108 3495 278 3571 Laudant
294 3466 505 3569 Eustuthius
521 3489 567 3565 ad
582 3489 626 3564 Il.
642 3495 670 3563 λ.
686 3515 746 3590 27,
760 3515 796 3588 p.
812 3488 899 3588 827,
912 3486 937 3562 l.
954 3485 1012 3588 59.
1027 3485 1142 3562 Schol.

401 3677 766 3700 Μ

62 3769 132 3831 XII.
169 3767 291 3829 Telluris
311 3765 471 3849 superficias
489 3763 603 3846 quidem
624 3763 725 3825 haecce
743 3761 797 3824 sub
816 3759 935 3845 pedibus
955 3761 1127 3843 conspicitur

168 3859 282 3938 acrique
302 3857 434 3937 contigua
454 3865 496 3915 est
506 3899 515 3930 ‚
536 3853 645 3917 radices
665 3853 783 3917 veroin
802 3851 946 3912 infinitum
964 3849 1096 3916 tendunt.

62 3973 148 4036 xm.
167 3975 263 4052 Quam
281 3969 386 4032 Iridcm
402 3969 573 4048 nominant,
594 3987 680 4048 eaque
701 3986 811 4048 quoque
829 3965 918 4028 nubes
938 3977 981 4028 est

167 4081 315 4149 purpurea
333 4073 360 4122 et
377 4060 497 4144 punicea
515 4071 544 4121 et
562 4055 682 4120 candida
701 4055 845 4140 adspectu.

153 4165 183 4236 1.
974 4155 999 4244 t
