2942 4830
289 371 352 434 262
683 384 731 431 nn
753 383 970 431 rsnnnnrnrs

288 551 351 624 etsi
379 561 614 622 memoratum
638 575 711 622 non
728 549 895 648 legimus,
917 548 1017 621 facile
1042 563 1160 622 tamen
1179 573 1201 622 e
1220 549 1357 621 Parme

287 669 380 742 nidis
402 670 536 741 ratione
558 667 647 742 ellici
664 681 790 767 potest.
835 667 926 742 Nam
940 683 984 743 ut
997 683 1145 743 naturae
1162 668 1355 759 elementa,

286 789 444 864 similiter
472 789 659 862 hominum
691 815 843 892 genera,
875 792 1048 889 principio
1070 803 1248 890 separata,
1276 815 1356 862 mox

286 910 437 986 Veneris
449 909 609 1009 impulsu
629 911 808 984 conciliata
831 913 926 984 inter
943 937 981 986 se
1003 927 1041 985 et
1061 912 1198 985 Amoris
1215 909 1358 986 vinculo

286 1032 475 1106 consociata
501 1047 597 1110 aunt.
647 1034 700 1105 Ita
720 1031 791 1131 jam
810 1034 848 1104 in
869 1033 1057 1108 bominum
1075 1017 1278 1107 societatem
1299 1030 1359 1104 de-
1466 1019 1467 1022 Ἴ

286 1133 402 1244 ducti,
421 1153 622 1246 videamus,
643 1155 819 1254 quomodo
836 1179 950 1255 genus
970 1153 1251 1254 propagaverint.

771 1403 789 1482 s
818 1403 872 1463 ar.

333 1636 440 1712 Nulla
452 1651 504 1711 est
515 1639 691 1737 quaestio,
710 1637 755 1710 ad
768 1651 934 1710 naturam
949 1637 1142 1711 humanam
1159 1640 1356 1736 pertinens,

284 1787 303 1830 a
323 1757 504 1832 veteribus
525 1756 674 1859 physicis
698 1757 888 1832 studiosius
918 1773 1062 1832 traotata
1092 1773 1128 1833 et
1152 1759 1357 1859 disceptata,

283 1905 394 1978 quam
431 1877 519 1952 haec
545 1877 591 1951 de
624 1879 813 1953 bominum
840 1883 1066 1980 generatione
1099 1909 1140 1955 ac
1169 1883 1358 1980 progenie;

285 1999 330 2072 ad
351 1998 448 2099 quod
467 1999 708 2100 indagandum
719 1999 862 2076 dubites
878 2015 1004 2076 utrum
1016 2027 1074 2077 eos
1087 2005 1195 2105 magis
1213 2027 1356 2102 eognos-

284 2119 387 2194 cendi
408 2120 570 2196 studium
588 2147 634 2194 an
652 2121 704 2194 rei
723 2121 914 2196 obscuritas
935 2123 1130 2222 impulerit.
1164 2125 1358 2217 Quaesire-

283 2257 374 2316 runt
395 2241 440 2316 de
464 2242 608 2316 seminis
629 2243 786 2342 origine,
810 2269 902 2318 num
925 2244 971 2318 ab
990 2257 1145 2346 utroque
1168 2259 1358 2344 parentum

284 2389 331 2438 an
344 2391 363 2437 a
375 2377 476 2463 patre
487 2362 558 2438 solo
569 2365 741 2458 oriretur,
759 2363 804 2437 de
819 2364 1015 2440 liberorum
1026 2391 1131 2460 sexu,
1148 2393 1220 2466 qua
1240 2391 1358 2440 mussa

283 2487 344 2562 fiat
361 2499 405 2559 ut
430 2485 584 2560 feminae
604 2511 763 2560 moresve
790 2487 1002 2584 gignantnr5
1033 2485 1079 2562 de
1090 2511 1216 2562 eorum
1229 2487 1358 2585 figura,

248 2648 251 2657 ·
284 2633 350 2682 cur
369 2605 473 2679 modo
487 2605 647 2705 patribus
661 2605 764 2680 modo
785 2607 959 2682 matribus
976 2609 1158 2683 similiores
1176 2609 1359 2700 exsistant,

284 2727 424 2827 aliaque
457 2727 573 2824 plura.
635 2727 863 2804 Parmenides
887 2729 1059 2830 pleraque
1085 2731 1172 2803 baec
1196 2728 1241 2802 ad
1266 2728 1359 2804 mix·

284 2859 388 2919 turae
409 2848 616 2920 varietatem
635 2847 854 2950 seminisque
880 2852 1090 2949 temperiem
1116 2849 1252 2924 retulit.

332 2968 482 3042 Partum
500 2965 637 3066 ooncipi
658 2973 800 3067 putavit
818 2995 865 3044 ex
884 2972 1093 3072 utriusque,
1115 2971 1223 3071 patris
1239 2984 1278 3045 et
1293 2999 1360 3044 ma·

285 3089 368 3183 tris,
390 3091 583 3164 seminibus
606 3092 726 3165 mixtis
758 3091 854 3166 inter
885 3117 923 3166 se
954 3107 991 3167 et
1018 3093 1235 3192 temperatis:
1267 3117 1359 3194 quae

285 3211 409 3288 eadem
431 3211 628 3287 multorum
651 3213 878 3314 physioorum
900 3217 971 3290 fuit
991 3217 1108 3314 opinio
1126 3217 1205 3308 ¹¹⁸3
1228 3215 1359 3298 semina

318 3441 392 3508 (nt)
425 3441 557 3493 censorin.
573 3441 606 3494 de
622 3443 669 3494 Die
687 3452 740 3497 nat.
758 3462 780 3498 c.
792 3447 822 3497 V:
841 3445 937 3500 alliud
947 3463 1052 3518 quoqne
1064 3447 1207 3514 ambiguam
1219 3445 1284 3496 lacit
1295 3447 1358 3496 inter

286 3549 300 3578 ι
315 3539 434 3582 auctores
455 3531 619 3598 opinionem,
643 3542 765 3586 utrumne
793 3553 826 3588 ex
856 3537 936 3604 patris
962 3536 1140 3590 tantummodo
1160 3535 1257 3588 semine
1273 3545 1359 3605 partos

285 3627 457 3680 enascatur,
477 3627 507 3670 ut
526 3617 649 3686 Diogenes
660 3658 731 3684 .....
751 3639 783 3674 an
803 3623 880 3675 etiarn
900 3641 935 3676 ex
948 3627 1048 3688 matria,
1063 3623 1133 3696 quod
1152 3627 1317 3694 Anaxagorae
1334 3635 1360 3678 et

286 3727 301 3756 a
313 3707 476 3770 Alcmaeoni,
495 3725 543 3759 neo
568 3725 620 3758 non
635 3709 780 3764 Parmenidi
801 3713 1001 3785 Empedoclique
1021 3723 1048 3767 et
1069 3715 1179 3783 Epicuro
1197 3715 1281 3767 visam
1298 3715 1360 3768 ew

287 3799 321 3850 ln
346 3799 494 3864 Anaxagora
512 3795 564 3848 salli
582 3797 704 3862 ridetur,
720 3803 765 3871 qui
786 3809 852 3854 teste
874 3803 1025 3868 Aristotele,
1043 3805 1134 3856 Gener.
1154 3807 1260 3860 Animal.
1277 3808 1324 3864 tv,
1337 3821 1356 3860 ι.

288 3903 315 3955 p·
331 3887 379 3950 8l7
397 3887 430 3948 G,
450 3885 565 3947 censuit,
587 3892 719 3956 γίνεσθαι
742 3895 770 3944 la
789 3897 840 3945 τοῦ
859 3893 970 3964 ὄῤῥηος
988 3897 1021 3946 τὸ
1040 3899 1160 3966 σπέρμα,
1177 3901 1210 3950 τὸ
1230 3901 1265 3950 dr
1285 3899 1360 3965 esta

290 3979 424 4047 παρέχιιν
451 3981 500 4030 τὸν
526 3981 620 4033 ednas.
661 3984 816 4036 Parmenidir
845 3985 969 4055 placitum
993 3987 1148 4041 confirmant
1171 3989 1250 4058 ipsius
1271 4005 1358 4042 ronna

293 4065 339 4119 abo
356 4083 412 4142 sqq.
430 4067 457 4120 in
475 4069 569 4139 quibua
586 4071 687 4126 seminia
704 4073 893 4129 mixtionem
913 4083 1048 4130 memorat.
