2870 4824
1129 373 1187 414 xltt

81 525 207 623 pimus
221 520 318 596 illos
344 525 451 624 quasi
477 525 590 599 radios
611 537 801 624 exceptet,
821 523 954 625 quihus
973 524 1100 600 clarior
1117 525 1187 600 hu-

85 657 273 730 manitatis
298 654 372 730 lux
396 654 587 756 paullatim
603 655 760 730 adfulsit.

129 853 168 924 Si
192 879 289 928 vero
317 864 442 930 vetera
474 851 536 926 illa
558 851 772 954 diligentius
801 856 968 954 persequi
996 852 1185 948 volumus,

93 989 126 1060 in
147 983 288 1060 multas
312 1013 422 1086 saepe
441 985 655 1062 offendimus
674 985 923 1080 difficultates,
946 1013 988 1062 eo
1006 989 1185 1080 maxime,

91 1117 183 1216 quod
208 1115 480 1218 plerorumque
507 1117 573 1216 qui
595 1117 641 1192 de
668 1117 723 1189 his
745 1116 958 1191 retulerunt
982 1117 1185 1191 testimonia
1291 1135 1295 1144 '

91 1259 152 1321 aut
178 1245 323 1322 leviora
354 1259 441 1320 sunt
476 1260 540 1322 aut
570 1245 784 1322 obscuriora.
818 1247 1004 1322 Habemus
1033 1247 1183 1348 quidem

92 1391 256 1456 auctores
283 1379 356 1452 illis
381 1391 497 1455 aetate
527 1381 729 1479 proximos,
761 1378 947 1454 Platonem
976 1393 1014 1455 et
1041 1379 1184 1453 Aristo-

92 1509 222 1603 telem,
246 1535 410 1610 quorum
427 1512 557 1610 scripta
577 1537 652 1584 non
669 1512 780 1610 magis
803 1511 949 1611 ingenio
972 1536 1084 1611 quam
1105 1511 1184 1586 doc·

94 1643 206 1714 trinae
242 1640 349 1740 copia
382 1639 569 1715 excellunt
603 1653 641 1714 et
670 1639 787 1714 multa
824 1642 953 1716 veteris
990 1642 1186 1742 sapientiae

95 1785 338 1848 monumenta
361 1783 590 1867 conservant,
614 1797 744 1849 rerum
761 1773 824 1866 hi,
854 1774 921 1848 etsi
953 1797 1058 1873 saepe
1084 1777 1185 1848 anti-
1242 1771 1246 1782 '

93 1907 267 2004 quiorum
290 1903 385 1979 diota
407 1915 563 2005 tangunt
586 1913 624 1976 et
642 1903 830 1978 interdum
854 1905 1065 1978 memoriam
1084 1905 1183 2010 celes

89 2037 221 2132 brant,
254 2051 378 2113 tamen
403 2064 520 2139 quum
544 2064 619 2112 non
647 2037 686 2112 id
709 2050 856 2138 agerent
881 2051 925 2114 ut
951 2041 1182 2140 superiorum

89 2172 248 2246 rationes
264 2183 304 2246 et
318 2151 448 2270 placita
467 2183 713 2271 exponerent,
735 2169 798 2245 sed
817 2181 862 2244 ut
884 2185 1030 2280 accepta
1047 2171 1093 2248 ah
1110 2173 1182 2248 illis

90 2303 291 2378 redderent
309 2302 503 2404 ampliora,
516 2329 558 2377 ea
579 2303 804 2402 potissimum
823 2317 1072 2378 memorarunt
1089 2332 1184 2405 quae

89 2434 148 2508 rel
185 2431 378 2509 laudarent
410 2435 478 2534 ipsi
511 2431 570 2512 vel
605 2433 944 2537 reprehenderent,
981 2435 1182 2537 eademque

89 2569 295 2642 sententiae
310 2593 397 2642 suae
414 2565 634 2668 plerumque
656 2567 982 2642 accommodarunt.
1005 2567 1180 2643 Petebant

88 2703 200 2775 etiam
232 2713 315 2775 tum
339 2699 528 2776 doctorum
556 2701 683 2775 studiis
708 2701 932 2802 antiquitatis
958 2701 1095 2796 fontes,
1112 2729 1179 2777 ne·
1235 2743 1240 2758 ·

83 2857 155 2932 qne
180 2829 294 2932 vulgo
332 2833 589 2906 accuratiorem
620 2857 747 2906 eorum
773 2831 1049 2930 explicationem
1080 2833 1179 2909 deai-

84 2961 286 3058 derabant3
322 2963 466 3062 siquae
490 2961 698 3063 diligentius
721 2961 860 3040 vellent
884 2953 1113 3064 cognoscere,
1135 2991 1178 3039 ea

86 3101 120 3172 in
143 3097 426 3174 commentarios
449 3095 611 3171 solebant
638 3099 774 3172 referre
800 3096 901 3172 unde
925 3098 994 3197 ipsi
1019 3097 1065 3172 ad
1091 3123 1179 3172 usus

83 3257 160 3306 suos
181 3241 456 3330 expromerent.
483 3229 612 3329 Itaque
632 3241 676 3303 ut
701 3229 869 3306 universa
891 3227 1108 3323 literarum,
1128 3229 1178 3303 sic
1259 3315 1264 3326 ,
1331 3301 1336 3308 .

86 3363 332 3466 philosophiae
357 3362 502 3436 historia
524 3363 681 3463 antiquis
703 3363 775 3438 fuit
799 3387 913 3462 paene
936 3361 1079 3435 intacta.
1107 3363 1176 3436 Ac-

81 3500 240 3576 cnmtius
266 3497 360 3571 haec
385 3495 553 3596 persequi
579 3495 819 3570 instituerunt
842 3493 1014 3587 seriores,
1040 3496 1175 3596 etjam

81 3629 158 3706 inde
181 3659 203 3704 a
237 3625 511 3727 Theophrasto,
541 3629 607 3728 qui
631 3613 718 3702 cum
745 3628 783 3700 'm
806 3625 959 3728 physicis
982 3624 1176 3698 sententias

79 3777 243 3842 veterum
261 3761 381 3836 latius
405 3759 632 3861 explanavit,
657 3775 742 3837 tum
761 3757 934 3860 singulari
952 3757 1061 3831 etiam
1082 3753 1175 3828 libro

74 3897 316 4003 physicorum
359 3892 543 3991 opiniones
573 3893 726 3993 carptim
765 3888 943 3966 enarravit
957 3885 990 3958 ἦ
1021 3885 1174 3962 lllaxime

93 4135 134 4216 ζ’)
154 4137 308 4197 oneras
327 4121 418 4201 Μῦν
440 4123 579 4204 iarropaet'.
647 4098 651 4106 .
