2840 4820
494 381 674 438 nestoras.
1082 361 1127 430 79

59 555 86 628 p.
105 527 182 621 614.
210 528 382 622 Quorum
405 541 529 604 temen
550 529 643 604 nihil
671 552 717 606 ex
745 531 800 605 his
836 532 997 610 versibus
1033 531 1125 609 effici

57 661 161 735 posse,
187 661 265 709 non
289 661 382 736 opus
405 650 459 712 est
480 637 736 713 demonstrare.

533 839 636 908 XXV.

91 1009 294 1084 Aristoteles
305 1012 451 1086 Rhetor.
469 1011 505 1104 Ι,
535 1009 589 1084 ι5.
607 1039 642 1112 p.
657 1013 742 1104 422,
758 1013 799 1086 E.
829 1013 905 1087 Cas.
923 1016 969 1089 de
989 1017 1130 1112 jureju-

56 1119 145 1191 rando
160 1143 284 1219 agens,
301 1119 339 1192 Si
353 1121 445 1218 quis,
462 1119 595 1218 inquit,
608 1120 813 1220 postulante
825 1121 1041 1214 adversario,
1054 1125 1127 1218 jus·

54 1227 233 1323 jurandum
246 1229 288 1300 iu
303 1228 439 1325 judicio
452 1228 567 1301 secere
582 1241 734 1322 recuset,
750 1233 784 1304 ei
800 1230 995 1303 dicendum
1008 1231 1077 1304 erit
1090 1259 1128 1308 se

55 1335 225 1409 honestatis
237 1361 360 1410 caussa
374 1337 411 1408 id
423 1361 597 1411 recusare.
613 1363 686 1408 non
699 1337 853 1436 periurii
865 1350 979 1428 metu,
992 1349 1030 1410 et
1041 1337 1129 1414 huic

55 1444 251 1518 conveniens
278 1445 349 1518 erit
376 1443 605 1542 Xenophanis
633 1445 802 1538 dictum,
829 1450 861 1515 τὸ
887 1458 932 1517 τοῦ
958 1445 1127 1545 Ξενφὼκως

55 1559 181 1647 lpplrler,
211 1554 258 1625 ὅτι
281 1557 330 1624 οὐκ
349 1559 397 1634 ἴση
418 1555 576 1648 πρόκλησις
600 1552 673 1634 αὕτη
699 1553 804 1639 ἀσεβεῖ
823 1558 890 1649 πρὸς
915 1556 1036 1642 εὐσεβῆ,
1062 1549 1130 1626 ἀλλ’
1261 1573 1262 1576 ’

54 1665 115 1748 ipset
135 1663 184 1728 καὶ
207 1667 235 1729 εἰ
263 1663 379 1755 ἰσχυρὸς
401 1663 515 1740 ἀσθενῆ
539 1661 673 1742 πατάξαι
697 1659 717 1743 ἢ
738 1663 883 1755 πληγῆναι
907 1665 1125 1757 προκαλέσαιτο.

55 1763 93 1836 ll.
116 1763 248 1840 Cousin
272 1763 299 1836 l.
322 1764 348 1837 l.
373 1789 409 1862 p.
430 1763 502 1868 57,
529 1765 618 1839 haec
633 1767 682 1838 ita
700 1768 991 1865 interpretatur:
1015 1795 1037 1840 ((
1051 1769 1127 1844 Χό-

55 1871 197 1970 nophane
227 1871 301 1946 alla
326 1875 445 1947 meme
470 1871 614 1971 jusqu’t
638 1885 809 1972 attaquer
827 1871 862 1945 le
883 1887 1042 1946 serment
1061 1875 1127 1973 (l),

56 2003 110 2054 non
131 2009 191 2082 pas
218 2007 288 2081 par
312 1978 487 2078 impie'te,
520 1979 609 2052 mais
637 2005 702 2078 par
728 2005 781 2054 un
806 1979 915 2050 motii
931 1979 1128 2077 ingenieux

56 2099 82 2158 et
104 2088 222 2162 morel.
256 2115 279 2161 <r
294 2087 452 2186 lorsque
482 2085 652 2159 l’homme
678 2087 813 2184 impie,
843 2085 989 2158 disait-il
1002 2139 1017 2172 ,
1043 2112 1126 2185 pro-

55 2217 199 2294 rroque
216 2222 274 2268 un
299 2195 444 2268 homme
469 2194 581 2293 pienx
601 2195 620 2268 ri
641 2195 762 2292 preter
778 2205 955 2283 serment,
979 2189 1126 2268 l'affaire

56 2305 172 2378 rn’est
200 2329 266 2404 pas
292 2301 420 2402 rigale,
449 2328 512 2401 pas
540 2301 624 2400 plus
656 2327 729 2401 que
760 2299 951 2402 lorsqu’un
981 2299 1127 2378 homme
1169 2375 1186 2401 „

56 2412 152 2484 slort
177 2436 366 2511 provoque
391 2437 441 2484 au
464 2411 608 2483 combat
632 2436 686 2482 un
707 2409 851 2482 homme
870 2407 989 2482 faible.
1005 2435 1027 2480 ))
1055 2409 1127 2486 Sed

57 2515 125 2590 milri
150 2520 272 2616 priora
299 2530 444 2591 tantum
463 2517 573 2594 verba
589 2515 824 2614 Xenophanis
840 2540 914 2589 esse
931 2515 1124 2612 videntur,

55 2627 224 2719 posteriora
238 2649 325 2702 vero
337 2625 426 2698 haec
439 2679 449 2718 ,
462 2619 529 2696 ἀλλ’
547 2635 628 2718 ὁμοῖα
640 2627 705 2695 κτλ.
718 2623 763 2698 ab
779 2621 969 2696 Aristotele
985 2623 1129 2716 additu

57 2732 131 2828 quod
155 2733 321 2808 indicent
354 2734 463 2807 etiam
491 2732 702 2832 sequentia,
729 2729 864 2830 quibus
890 2718 1129 2828 Xenophanis

56 2837 170 2914 dictum
197 2841 351 2916 invertit
382 2869 390 2913 :
420 2852 545 2913 contra
558 2893 573 2927 ,
598 2838 747 2938 inquit,
770 2837 800 2908 si
829 2829 980 2936 accipiat
1004 2839 1126 2932 jusju-

56 2947 214 3044 randum,
243 2991 293 3006 -
316 2955 347 3020 τὸ
374 2963 419 3021 τοῦ
444 2950 614 3047 Ξενοφάνως
636 2953 867 3044 perae-piperve
895 2954 995 3044 partor
1020 2945 1124 3026 ὦτως·

57 3049 97 3126 lrrr
116 3055 185 3131 εἶναι
211 3067 266 3132 ἐὰν
286 3061 340 3152 μὲν
365 3069 380 3130 ὸ
404 3061 515 3146 ἀσεβὴς
539 3055 611 3152 rlrrlpi
623 3109 633 3147 ,
661 3065 676 3126 ὁ
702 3057 824 3142 εὐσεβὴς
847 3048 876 3126 δ’
898 3060 996 3149 ὀμνύῃ.
1022 3051 1127 3148 Quae

57 3163 143 3238 rerba
180 3166 295 3265 priori
336 3177 481 3238 tantum
522 3161 722 3236 sententiae
757 3163 851 3260 parti
892 3161 1123 3260 respondent.

57 3263 115 3342 lloc
137 3287 262 3348 autem
289 3274 427 3350 dictum
458 3297 604 3348 versum
634 3269 715 3342 facit
742 3268 965 3342 trochaicum
997 3295 1005 3340 :

134 3417 181 3482 σῦκ
204 3421 255 3496 ἴση
277 3388 434 3511 πρόελησις
461 3411 556 3501 αὕτη,
584 3413 691 3498 ἀσεβεῖ
712 3415 780 3508 πρὸς
809 3411 927 3496 εὐσεβῆ.

58 3557 107 3634 Vel
132 3565 326 3641 iambicum
351 3568 558 3660 senarium,
584 3565 703 3640 verbis
724 3564 773 3638 sic
796 3563 999 3640 collocatis:

140 3751 601 3766 —————
653 3737 702 3778 ουκ
733 3715 780 3787 ἴση

141 3821 296 3914 πρόκλησις
321 3817 419 3910 αὕτη,
440 3817 547 3904 ἀσεβεῖ
568 3820 636 3916 πρὸς
665 3815 787 3902 εὐσεβῆ.

62 4026 140 4100 XXV.
157 4007 223 4102 lion
245 4061 330 4121 aequa
348 4039 417 4102 haec
430 4037 585 4123 postulatio
607 4049 668 4112 est,
692 4035 728 4096 ab
743 4034 831 4118 impio
856 4031 969 4094 homine
991 4027 1124 4095 adversus

785 4123 929 4187 hominem
950 4121 1119 4205 religiosum.
