2942 4830
199 368 201 376 ’
258 359 321 428 270
643 372 692 422 nn
715 372 931 424 unumunurm

256 541 443 616 discrimen
477 565 568 614 num
584 563 649 638 per
671 565 794 614 omnes
811 555 1032 616 naturarum·
1041 542 1170 644 gradus
1189 571 1326 620 asum-

257 665 323 736 mis
348 661 392 734 ad
420 663 490 734 ima
521 659 755 750 descendens,
788 675 996 760 persecutus
1022 665 1083 755 sit,
1111 689 1187 738 non
1220 693 1326 765 oppa-
1421 716 1428 728 ·

257 798 334 876 ret,
359 807 480 882 neque
501 796 620 855 tamen
639 780 819 878 probabile
842 797 916 876 oet,
931 785 1106 884 siquidem
1126 787 1191 860 ista
1210 791 1326 862 omnia

256 907 425 982 universe
455 918 597 978 tontum
625 904 778 1002 tetigisse
809 903 964 980 ridetur.
1030 907 1104 981 Hoc
1139 935 1226 984 vero
1254 933 1326 982 cer·

257 1019 337 1101 tum
356 1041 430 1120 est,
454 1051 541 1100 eum
560 1022 734 1126 quaslibet
750 1047 826 1115 res,
846 1051 918 1100 non
937 1026 1040 1101 modo
1059 1053 1119 1102 eas
1135 1030 1174 1101 in
1195 1029 1327 1130 quibus

196 1187 201 1200 ·
256 1147 353 1222 calor
374 1149 472 1239 insit,
507 1145 568 1220 sed
592 1149 698 1220 etiam
720 1173 815 1248 quae
834 1147 933 1220 omni
957 1149 1071 1225 calore
1092 1151 1328 1226 siutdeetitu-

256 1285 332 1364 tae,
366 1270 487 1344 vivere
509 1268 771 1370 quodammodo
799 1283 836 1343 et
865 1295 988 1368 sapere
1018 1285 1177 1369 putasse3
1209 1273 1327 1370 ipsum

256 1392 405 1466 cadaver
431 1393 614 1490 percipere
638 1405 675 1464 et
695 1391 827 1464 sentire
856 1389 965 1482 dixit,
996 1417 1069 1465 non
1095 1393 1231 1485 lucem,
1256 1419 1328 1466 nou

256 1514 429 1604 calorem,
454 1537 528 1584 non
550 1513 726 1603 sonitum,
753 1511 814 1586 sed
838 1514 1010 1586 contraria
1027 1513 1100 1606 his,
1124 1513 1328 1614 caliginem,

256 1635 427 1734 algorem,
444 1632 625 1706 silentium
641 1641 719 1706 ²⁴³.
774 1631 879 1706 Unde
900 1648 1066 1732 apparet,
1082 1635 1329 1708 Parmeniden

256 1781 297 1830 ea
321 1781 415 1857 quoe
441 1754 484 1829 ad
517 1769 658 1828 noctem
692 1753 864 1846 referret,
896 1753 1084 1854 frigidum,
1113 1755 1329 1848 obscurum,

256 1880 370 1969 iners,
397 1901 469 1950 non
503 1875 715 1950 intellexisse
746 1889 953 1975 potestatem
986 1877 1167 1978 quandam
1191 1881 1329 1978 negoti-

256 2021 357 2091 vam,
395 2012 439 2073 ut
471 1997 580 2096 vulgo
611 1995 813 2095 appellunt,
845 1997 920 2072 sive
953 2025 1110 2073 vacuum
1138 1999 1329 2098 quiddam,

256 2120 317 2193 sed
340 2121 414 2196 vim
439 2119 512 2194 luci
534 2133 572 2192 et
598 2117 703 2192 calori
722 2133 760 2192 et
781 2120 908 2192 actioni
930 2121 1160 2212 contrariam,
1185 2135 1329 2194 contra-

256 2243 389 2342 riisque
409 2239 604 2318 virtutibus
625 2251 662 2314 et
691 2237 826 2315 viribus
847 2241 1022 2341 insignem
1046 2251 1124 2313 ¹⁴⁴.

304 2363 417 2438 Porro
440 2362 539 2464 quod
561 2360 605 2434 od
630 2361 793 2436 animum
817 2364 962 2454 attinet,
986 2388 1104 2463 quum
1129 2361 1329 2436 elemento·

255 2509 338 2558 rum
365 2485 537 2584 temperie
560 2495 712 2575 constet,
740 2507 881 2558 necesse
903 2499 956 2557 eet
982 2509 1029 2558 ex
1054 2485 1131 2584 ejus
1155 2483 1330 2556 sententia

255 2619 443 2680 mentem
466 2631 487 2678 a
508 2631 642 2683 sensu
667 2630 741 2678 non
763 2604 952 2705 distingui,
973 2605 1034 2680 sed
1056 2605 1187 2706 sentire
1213 2619 1250 2678 et
1268 2629 1329 2676 oo-

255 2728 364 2826 gitare
396 2727 491 2801 idem
515 2751 604 2818 esse,
640 2726 831 2827 omniaque
862 2725 967 2820 haec,
1004 2727 1129 2816 vitam,
1162 2751 1330 2817 sensum,

255 2847 410 2921 animam
421 2902 431 2941 ,
444 2861 621 2938 mentem,
636 2872 711 2919 una
732 2847 862 2920 natura
879 2849 1064 2922 contineri.
1117 2849 1253 2921 Docent
1266 2847 1330 2920 hoc

254 2967 365 3064 ipsius
384 2993 529 3056 versus,
554 2979 591 3040 et
617 2966 901 3042 doctissunorum
917 2969 1157 3068 interpretum
1167 2970 1328 3042 testimo-

254 3091 312 3162 nia
335 3091 544 3163 confirmant
573 3093 652 3160 ²4⁶.
714 3091 899 3181 Attamen,
931 3088 1075 3188 objiciat
1097 3091 1244 3191 aliquis,
1266 3117 1328 3163 ro·-

270 3257 360 3324 ⁴(rl‡3)
392 3255 583 3326 Theophrastus
603 3255 639 3306 l.l.
656 3259 700 3308 ὅτι
723 3255 755 3308 dl
775 3259 822 3310 ecl
846 3259 884 3322 τῷ
901 3259 1016 3326 ἐναντίῳ
1034 3255 1096 3324 (ie.
1112 3263 1150 3330 τῷ
1167 3260 1252 3327 ἑτέρῳ
1269 3269 1327 3310 τοῖν

256 3354 337 3404 δυοῖν
351 3348 514 3418 στοιχείων)
534 3347 601 3401 nuo·
622 3351 692 3403 αὑτὸ
704 3361 782 3402 ποιεῖ
795 3355 846 3418 τὴν
864 3351 1004 3419 αἴσθησιν,
1014 3355 1150 3420 φανερὸν,
1160 3355 1189 3403 ἐν
1203 3349 1245 3410 οἷς
1263 3354 1328 3420 φησι

254 3449 303 3497 τὸν
321 3447 418 3514 νεκρὸν
436 3446 521 3506 φωτὸς
539 3441 589 3505 μέν
608 3445 654 3492 καὶ
672 3446 780 3512 θερμοῦ
796 3445 844 3493 nul
856 3449 941 3511 φωνῆς
954 3443 1003 3495 οὐκ
1016 3447 1208 3497 αἰσθάνεσθαι
1219 3448 1267 3496 διὰ
1278 3449 1327 3512 τὴν

254 3536 378 3598 {udaeam
398 3538 448 3586 τοῦ
458 3535 557 3604 πυρός,
568 3539 676 3602 ψυχροῦ
692 3533 724 3586 δὲ
739 3537 785 3584 καὶ
796 3541 894 3602 σιωπῆς
905 3538 952 3586 ccl
963 3538 1016 3589 cde
1029 3540 1161 3589 ἐναντίων
1174 3540 1325 3591 occeano*

253 3635 316 3690 dm.
328 3632 375 3681 acl
386 3631 451 3687 ὅλως
461 3629 493 3681 δὲ
503 3633 558 3680 πᾶν
566 3630 597 3678 τὸ
607 3629 637 3680 ὃν
650 3627 726 3696 ἔχειν
737 3647 799 3678 τινα
809 3627 914 3694 procu.
927 3625 965 3680 Cf.
977 3629 1229 3680 BrundieComment.
1238 3647 1264 3697 p.
1275 3629 1325 3681 ree.

285 3722 356 3787 (144)
389 3719 494 3790 Antiqui
504 3719 537 3772 de
548 3717 597 3770 lrcc
607 3717 796 3784 dimenrerunt3
806 3721 859 3774 vid.
867 3719 998 3772 Plutarch.
1006 3717 1040 3770 de
1050 3735 1089 3788 pr.
1101 3717 1207 3784 frigido,
1217 3719 1273 3770 Vol.
1280 3720 1325 3780 IX,

252 3827 277 3881 p.
291 3825 338 3876 727
351 3808 496 3880 uqqlteiik

286 3897 360 3966 (145)
394 3897 450 3950 vid
468 3897 583 3952 Parmen.
608 3913 644 3948 rr.
659 3898 705 3960 rte
722 3897 928 3968 sqlrirtotelet,
953 3895 1067 3968 Metaplr.
1090 3896 1137 3958 ΠΙ,
1147 3894 1171 3946 5.
1190 3913 1215 3964 p.
1229 3896 1275 3956 671
1298 3896 1326 3956 F,

252 3991 300 4042 lior
310 4005 400 4042 remur
415 3997 529 4053 tongeno,
540 3987 602 4040 dicit
617 3989 755 4058 plerosque
764 3995 893 4046 veterum,
906 3987 933 4038 iu
945 3986 1038 4056 quibus
1051 3989 1129 4038 ettam
1140 3985 1324 4044 Parmeniden,

253 4079 399 4142 credidisse,
412 4081 540 4150 φρόνησιν
549 4079 599 4144 μὲν
609 4086 660 4148 τὴν
671 4083 815 4148 αἴσθησιν,
826 4079 933 4146 ταύτην
946 4078 978 4132 δὲ
989 4074 1060 4133 εἶναι
1074 4079 1225 4130 diluluum
1240 4075 1323 4130 Theo·
