2966 4824
269 373 335 436 202
663 393 712 441 nn
733 393 951 444 acuminis

268 557 499 657 insnesvulgi
511 559 692 660 opiniones
704 561 942 638 abeoreseui
952 553 1128 660 putsrunt
1144 570 1224 634 ιω,
1250 557 1343 634 Haeo

269 678 426 778 rnlgeris
447 680 524 756 lere
544 683 616 756 fue
637 687 823 760 sententia.

224 903 228 906 -
317 801 388 876 Alii
407 827 493 880 vero
516 805 729 880 exstiterunt
746 807 845 908 iique
866 806 1053 902 doctiores,
1081 807 1147 908 qui
1167 805 1345 880 Parmeni-

270 922 323 997 dis
349 925 562 999 sententiam
582 926 763 1004 vindicare
785 925 1005 1002 studuerunt
1025 927 1248 1027 summisque
1267 950 1347 1000 sam

270 1045 481 1120 extulerunt
499 1046 677 1124 laudibus.
726 1049 911 1150 spernunt
932 1048 1077 1148 eosqui
1098 1045 1349 1122 Parmenidem

270 1189 327 1240 res
358 1179 515 1276 terrenas
543 1181 686 1244 tuntum
722 1185 758 1244 et
788 1166 992 1270 spectabiles
1012 1169 1176 1268 cogitasse
1199 1181 1348 1268 putant,

270 1287 390 1386 ipsum
417 1288 641 1364 Aristotelem
675 1289 965 1390 reprehendunt,
999 1290 1096 1392 quod
1127 1287 1351 1364 Parmenidis

271 1423 429 1483 mentem
461 1411 535 1484 non
565 1410 799 1503 intellexerit,
825 1426 889 1486 aut
915 1425 1011 1487 certe
1033 1423 1226 1502 excusant,
1250 1410 1349 1510 qnod

271 1553 345 1604 non
373 1531 568 1633 intelligere
597 1557 677 1607 eam
701 1558 739 1606 se
772 1533 1008 1620 simulaverit,
1041 1559 1114 1607 non
1142 1547 1214 1606 tarn
1241 1557 1351 1606 esuo

270 1647 401 1748 judicio
430 1679 541 1752 quam
567 1679 588 1728 e
615 1654 714 1754 vulgi
739 1656 905 1755 opinione
931 1655 1161 1761 disserentem
1178 1665 1258 1728 ¹⁴0.
1304 1653 1350 1725 Hi

271 1775 358 1846 sunt
391 1775 612 1872 potissimum
644 1778 789 1850 seriores
822 1777 991 1852 Platonici
1022 1773 1153 1874 aliique
1181 1801 1268 1849 cum
1295 1775 1349 1848 bis

271 1895 546 1988 consentientes,
568 1895 752 1990 Plotinus,
769 1897 1001 1988 Plutarchus,
1023 1895 1186 1988 Proclus,
1205 1897 1350 1996 Simpli-

271 2017 359 2090 cius.
411 2017 548 2090 Docent
563 2018 638 2111 isti,
658 2017 907 2091 Parmenidem
928 2016 1270 2118 intelligibilem
1294 2043 1350 2092 na·

273 2151 393 2210 turam
427 2139 479 2230 (rb
501 2139 622 2236 vomis)
641 2137 686 2210 ab
705 2139 922 2237 opinabili
945 2140 1018 2239 (τοῦ
1042 2137 1221 2238 δοξαστοῦ)
1243 2166 1350 2214 aocu-

272 2273 348 2334 rate
373 2259 585 2350 distinxisse,
611 2263 759 2362 utrique
776 2269 862 2336 suos
884 2261 1104 2339 constituisse
1120 2263 1210 2338 fines
1226 2289 1350 2338 suam-

161 2423 163 2430 *
273 2408 347 2484 que
380 2379 577 2481 subjecisse,
601 2385 805 2478 materiem,
844 2385 936 2457 sicut
977 2411 1085 2483 supra
1118 2382 1348 2459 ostendimus.

271 2505 325 2580 Ut
342 2503 504 2597 δοξαστὸν
525 2503 569 2578 ad
591 2531 648 2580 res
664 2504 857 2598 humanas,
879 2506 928 2580 sic
948 2509 1059 2597 scuris
1071 2506 1116 2581 sd
1137 2533 1195 2582 res
1215 2505 1354 2582 divinas

272 2627 438 2700 referunt
454 2635 516 2680 ¹⁴¹
528 2681 539 2720 ,
566 2625 677 2727 idque
698 2625 906 2728 intelligunt
926 2655 1103 2704 summum
1126 2654 1253 2704 remm
1270 2655 1351 2702 om·

272 2748 375 2820 nium
404 2773 584 2842 caussam,
606 2749 825 2849 principium
847 2767 884 2824 et
904 2749 1013 2825 finem
1034 2781 1054 2825 a
1076 2777 1149 2854 quo
1169 2750 1352 2824 ducentur
1465 2731 1466 2742 ἵ

173 2937 175 2945 .
272 2882 308 2942 et
328 2895 402 2968 quo
417 2870 622 2944 referentur
641 2871 770 2944 omnia.
821 2871 895 2946 Hoc
920 2886 1042 2947 autem
1064 2873 1170 2975 quale
1198 2873 1265 2964 sit,
1280 2895 1354 2970 quo

272 2989 400 3066 melius
421 2989 1029 3092 intelligatur,Neo-plstonicorum
1048 2996 1138 3072 ratio
1159 2995 1282 3094 paucis
1302 3007 1354 3067 est

273 3109 528 3187 adumbrantia.
587 3113 818 3188 Censuerunt
844 3113 901 3208 hi,
921 3117 1154 3216 omniaquae
1175 3131 1264 3192 sunt
1281 3131 1353 3190 tem

272 3259 380 3333 supra
402 3258 513 3334 qnam
539 3234 685 3329 subter,
706 3250 779 3310 tam
803 3235 922 3310 divina
944 3259 1053 3340 quam
1078 3236 1258 3328 bumana,
1280 3253 1353 3311 tam

272 3369 415 3428 aeterna
438 3381 548 3456 quam
575 3356 710 3457 fragilia
737 3356 782 3430 ab
809 3383 884 3432 uno
900 3357 1044 3434 fluxisse
1062 3359 1233 3460 principio
1256 3385 1353 3434 uno-

272 3501 346 3576 que
358 3477 502 3554 vinculo
515 3481 710 3572 contineri,
725 3505 800 3554 esse
815 3493 939 3557 autem
955 3483 1068 3558 varios
1087 3481 1188 3584 quasi
1207 3496 1352 3556 natura-

272 3623 357 3672 rum
372 3595 484 3688 orbes,
496 3597 688 3674 intervallis
703 3599 883 3676 distinctos
896 3615 933 3676 et
943 3603 1176 3714 praestantiae
1186 3601 1354 3700 gradibus

304 3813 377 3882 (139)
410 3814 446 3868 llt
455 3815 556 3870 Colotes
565 3825 592 3870 et
601 3817 760 3879 Alexander,
770 3835 849 3888 sopra
860 3817 876 3888 5
888 3819 918 3882 3,
932 3835 957 3888 p.
974 3821 1027 3882 ¹li·

304 3911 378 3979 (¹40)
412 3915 450 3967 Gi.
467 3915 556 3986 Simpl.
572 3917 647 3985 Phys.
665 3919 682 3970 l.
701 3935 739 3986 19,
754 3918 785 3970 ³2
802 3935 841 3988 pr.
859 3920 892 3972 de
908 3919 1001 3982 Coelo,
1017 3920 1073 3980 111.
1092 3921 1109 3972 i.
1127 3919 1182 3974 sss.

272 3999 378 4135 1’(141)
411 4003 468 4056 vid.
485 4005 638 4060 Plutarchus
655 4007 747 4061 olisius
764 4005 824 4076 58,
840 4023 865 4060 u.
882 4008 916 4060 16.
949 4010 989 4060 lo.
1008 4007 1195 4062 Grammaticus
1205 4013 1230 4060 in
1242 4007 1312 4074 Phys
1324 4007 1349 4068 1,

284 4087 308 4138 it.
329 4095 361 4151 A,
382 4089 399 4140 i.
418 4089 507 4144 bedu.
