2966 4824
539 361 780 414 annnsmmn.
925 445 928 450 Ι
1139 352 1197 416 ttl

106 536 244 606 λεόττε
266 529 394 630 adp.)⁶.
446 529 502 604 Sic
523 529 632 630 igitur
656 557 713 606 res
733 531 848 606 fluxas
869 529 915 604 ah
935 533 1105 628 aeternis,
1127 535 1203 634 opi·

103 655 268 729 nionem
292 681 312 725 a
335 651 502 744 veritate,
528 677 675 726 sensum
701 679 720 725 a
743 651 882 726 ratione
905 645 1078 727 distinxit.
1172 655 1198 689 '·
1322 641 1330 658 '

154 773 248 848 ttae
284 771 495 864 disnimen,
525 771 622 872 quod
655 773 904 872 gravissimum
933 787 987 846 est
1008 773 1052 846 ad
1079 799 1203 874 rerum

100 894 377 993 cognitionem,
403 893 570 992 princeps
593 895 632 966 in
658 893 916 994 philosophiam
947 893 1094 968 induxit
1112 893 1203 968 Par-¹

108 1013 303 1110 menides,
346 1015 563 1115 antiquiores
598 1031 662 1089 aut
698 1015 931 1114 neglexerant
960 1041 1106 1115 prorsus
1140 1031 1204 1090 aut
1317 1010 1323 1021 ’

108 1161 185 1209 non
225 1135 301 1209 nisi
334 1135 485 1210 obscure
510 1151 617 1210 erant
648 1137 825 1236 suspicati.
877 1139 932 1210 Sic
960 1138 1106 1212 fuerant
1131 1137 1203 1238 jam

110 1257 245 1356 plnres
267 1259 350 1360 qui,
373 1258 411 1329 in
431 1255 633 1356 indagando
660 1261 862 1348 veritatem,
882 1259 1204 1358 animadvertentes

111 1391 150 1452 et
170 1401 303 1454 rerum
326 1391 473 1452 naturae
493 1392 531 1451 et
552 1379 741 1452 hominum
764 1403 887 1452 sensus
910 1379 1084 1478 perpetuo
1099 1381 1203 1480 quasi

112 1497 225 1574 tutu
259 1499 401 1598 agitari,
426 1499 470 1574 nd
499 1501 660 1574 fallacem
682 1499 833 1596 speciem
855 1513 891 1572 et
915 1500 1090 1598 opinionis
1113 1527 1204 1574 con·

111 1621 297 1721 jecturam
327 1595 468 1694 cuncta
486 1621 720 1712 reducerent,
755 1633 894 1696 certum
931 1645 1006 1694 esse
1036 1637 1205 1724 certoque

112 1742 255 1840 percipi
274 1767 373 1840 posse
391 1741 482 1814 nihil
496 1743 674 1816 dicerent:
697 1740 812 1817 veluti
829 1742 1021 1818 Alcmaeon
1030 1743 1206 1820 Crotonia-

114 1875 171 1936 tes
195 1863 303 1936 initio
324 1860 406 1936 libri
431 1865 605 1962 scripsisse
622 1864 739 1938 fertur
754 1871 805 1930 ⁷:
841 1864 903 1934 De
926 1865 1034 1936 rebus
1053 1878 1129 1936 tam
1145 1865 1206 1936 di·

116 1984 217 2059 vinis
236 2009 354 2084 quam
379 1987 554 2059 humanis
574 2000 675 2059 certo
701 1983 849 2084 quidem
867 1985 988 2063 sciunt
1008 1987 1109 2073 Dii,
1134 1989 1207 2058 ho*

115 2107 237 2178 mines
260 2133 346 2180 vero
364 2119 507 2180 tantum
520 2107 730 2206 opinantur.
771 2105 938 2178 Similiter
960 2105 1118 2204 aequalia
1129 2105 1208 2204 ejus

117 2225 387 2327 Xenophanes,
423 2227 526 2327 cujus
555 2227 727 2302 celebrata
758 2253 846 2302 vox:
873 2225 967 2309 tima
991 2223 1095 2302 cl’ivrl
1118 2230 1207 2304 neira

118 2347 284 2424 rimam
308 2351 339 2422 θ’.
394 2349 463 2422 Hic
488 2351 724 2440 tamen‚.etsi
745 2349 917 2450 pleraque
943 2352 1077 2423 incerta
1096 2347 1207 2424 duce-
1243 2382 1247 2390 ·
1323 2427 1327 2434 ,

114 2483 193 2562 ret,
220 2483 347 2546 mente
374 2497 481 2570 supra
507 2469 666 2544 humana
687 2495 725 2546 se
748 2469 1207 2570 ¹‹attollenspraeclariorem

115 2587 187 2688 jam
224 2591 295 2666 sibi
325 2593 580 2670 informaverat
604 2605 792 2685 naturam,
828 2591 1088 2666 immutabilem
1106 2592 1207 2677 ,illam

119 2727 155 2786 et
174 2729 383 2806 aeternam,
400 2715 539 2804 Deum,
557 2713 623 2815 qui
643 2739 714 2788 non
737 2712 848 2788 oculis
866 2727 985 2814 posset
1003 2712 1065 2787 sed
1086 2729 1209 2790 mente

116 2849 268 2910 tantum
291 2837 555 2936 comprehendi.
607 2838 663 2910 Sic
683 2838 780 2911 viam
805 2851 1065 2914 monstraverat
1085 2837 1209 2911 Xeno·

118 2955 278 3052 phanes,
302 2945 414 3059 quam
434 2959 629 3058 discipulus
649 2957 727 3057 ejus
749 2957 978 3032 Parmenides
994 2971 1046 3031 est
1068 2960 1208 3057 ingres-

121 3099 192 3150 sus.
246 3078 384 3154 Tenuit
413 3081 471 3156 hic
495 3083 535 3156 rh
556 3079 683 3172 δοκεῖν,
707 3079 768 3152 sed
799 3080 988 3152 coarctavit
1008 3093 1046 3152 et
1065 3079 1210 3154 reduxit
1285 3131 1288 3140 .

122 3197 164 3269 ad
185 3227 243 3274 res
268 3199 404 3296 fluxas3
429 3201 596 3302 adjunxit
623 3205 680 3294 rip
701 3197 876 3290 ἀλήθειαν,
897 3225 1009 3301 quam
1032 3201 1152 3298 posuit
1168 3201 1208 3270 in
1272 3181 1274 3188 ⁵

122 3339 164 3392 eo
192 3323 293 3422 quod
326 3349 485 3400 vacuum
523 3338 576 3398 est
609 3325 708 3398 omni
739 3319 1002 3416 vicissitudine,
1037 3319 1209 3421 quodque

155 3513 195 3580 (6)
214 3515 269 3570 Vsa.
289 3503 401 3582 53-55,
423 3523 463 3588 89.

156 3603 197 3671 (7)
216 3605 274 3658 Vitl.
293 3609 418 3676 Diogenes
436 3609 463 3661 L.
485 3607 558 3666 Vlll,
572 3625 591 3660 e.
605 3606 651 3666 8³2
660 3609 735 3679 Περὶ
744 3609 946 3671 adiciendus,
956 3607 1022 3675 περὶ
1033 3607 1087 3658 τῶν
1097 3607 1210 3674 θνητῶν

124 3701 275 3764 vitreium
305 3699 354 3766 μὲν
380 3704 448 3754 θεολ
476 3701 589 3770 ἔχοντι,
611 3703 645 3763 ὥς
671 3703 703 3756 δὲ
731 3701 906 3772 ἀνθρώποις,
934 3705 1150 3770 τεκμαίρεσθαι.
1181 3699 1209 3752 si

126 3784 263 3840 Alcmaeon
290 3789 356 3843 hacc
381 3794 498 3864 scripsit,
519 3802 550 3845 ut
568 3794 688 3864 equidem
706 3793 805 3854 eredo,
822 3811 883 3846 naus
901 3802 941 3846 cat
957 3802 1029 3848 certe
1045 3794 1139 3848 Dorica
1154 3793 1208 3846 ‹lia-

124 3871 211 3936 lecto,
235 3895 303 3950 quae
331 3899 346 3932 a
368 3881 509 3934 acrioribus
533 3901 608 3952 saepe
632 3881 768 3935 obliterata
786 3890 833 3934 eet.
857 3887 893 3934 τὰ
909 3887 999 3953 ἀφανῆ
1015 3889 1134 3958 opposita
1153 3895 1213 3944 τοῖς

126 3965 258 4034 draicote,
276 3977 306 4020 ut
323 3965 416 4022 da'ca'nu¹
433 3973 559 4024 tamasis.

158 4057 197 4122 (8)
215 4061 388 4130 Xenophanes
404 4061 494 4128 fragm.
514 4063 582 4125 XIV,
598 4079 623 4132 p.
644 4060 694 4126 51;
715 4061 749 4114 cl.
769 4046 831 4118 ibid.
852 4082 880 4134 p.
901 4063 1034 4136 adh-191.
1161 4131 1164 4137 Ι
