2840 4820
277 321 342 384 112
681 339 719 382 nr
741 340 929 384 xrrornarns

271 490 343 562 sitis
366 487 598 586 Xenophanis
613 487 824 575 rationibus,
847 487 1012 584 deinceps
1029 489 1063 559 ei
1091 487 1363 562 contradicens

272 597 435 695 quaerit,
469 620 490 666 ι(
509 619 602 692 quae
623 594 711 665 ratio
741 593 880 686 obstet,
907 594 1100 691 quominus
1121 596 1219 691 qnod
1245 595 1368 668 nasci

269 703 436 792 dicimus,
453 701 491 774 id
511 713 674 772 nascatur
697 725 803 773 exeo
824 700 921 799 quod
942 726 1015 772 non
1037 699 1120 773 esti
1143 702 1236 774 Tum
1257 726 1367 776 vero

270 810 395 884 eadem
408 809 557 898 ratione,
578 831 650 905 qua
673 807 813 898 Deum,
840 820 1007 880 naturam
1026 833 1172 906 quoque
1193 833 1367 881 omnem

269 918 521 1014 sempiternam
542 915 640 1006 lore,
664 915 693 985 si
717 914 864 1012 quidem
893 926 1021 987 cuncta
1051 927 1115 986 aut
1142 941 1186 988 ex
1210 915 1368 988 simili-

269 1021 338 1095 hus
362 1033 426 1093 aut
451 1045 496 1094 ex
522 1017 747 1106 dissimilibus
775 1032 857 1092 nata
879 1021 995 1092 sint.»
1015 1020 1130 1118 Atqui
1152 1022 1191 1092 in
1214 1045 1366 1094 rerum

269 1141 397 1201 natura
425 1126 542 1200 valeat
570 1125 663 1198 illud
687 1132 718 1196 τὸ
744 1134 900 1222 γίγνεσθαι
926 1137 958 1199 ἐκ
985 1137 1025 1220 μὴ
1051 1126 1155 1216 ὄντος,
1185 1139 1229 1200 ut
1259 1153 1367 1199 con-

268 1237 372 1306 tinua
398 1232 662 1308 elementorum
694 1235 850 1308 motione
875 1235 975 1332 quasi
1001 1259 1090 1308 nova
1119 1247 1367 1332 generentur

268 1365 433 1438 corpora,
463 1365 508 1412 ex
537 1364 628 1436 aqua
658 1364 792 1436 vapor,
821 1365 842 1412 e
872 1365 999 1438 vapore
1030 1341 1145 1440 ignis,
1171 1352 1367 1438 totusque

268 1448 427 1520 mundus
442 1459 615 1544 perpetua
631 1459 781 1520 naturae
797 1446 1039 1521 vicissitudine
1052 1459 1214 1522 mutetur
1234 1475 1246 1539 3
1269 1473 1366 1520 non

268 1567 390 1627 autem
420 1551 516 1626 valet
546 1551 591 1624 de
620 1553 694 1650 ipsa
721 1579 845 1626 rerum
881 1555 1054 1644 essentia,
1089 1579 1198 1652 quam
1225 1555 1368 1626 omnis

268 1671 408 1757 oportet
438 1684 511 1731 esse
544 1659 751 1731 mutationis
778 1671 987 1756 expertem3
1019 1686 1138 1759 neque
1169 1685 1266 1758 quae
1304 1661 1366 1734 de

268 1765 343 1839 Deo
366 1777 549 1862 tamquam
576 1777 621 1834 τοῦ
648 1765 726 1845 ὄντος
758 1765 973 1863 praedicavit
992 1766 1252 1864 Xenophanes,
1284 1791 1366 1840 ea-

266 1872 350 1946 dem
372 1872 416 1944 ad
440 1896 564 1944 rerum
579 1883 768 1963 naturam,
787 1873 833 1946 de
849 1899 920 1970 qua
936 1871 998 1945 ille
1017 1899 1089 1946 non
1104 1874 1210 1964 dixit,
1231 1885 1367 1948 trans-

266 1980 351 2052 ferri
370 1977 464 2051 licet.
480 1979 554 2050 Hoc
571 1979 777 2074 praesertim
799 1979 995 2052 notandum
1012 1993 1085 2071 est,
1111 1981 1193 2078 quia
1212 1979 1368 2054 multos

266 2087 450 2181 scriptores
477 2082 563 2155 falsa
601 2083 895 2182 interpretatione
918 2085 1082 2182 deceptos
1116 2089 1156 2157 in
1182 2109 1365 2160 errorem

269 2191 384 2264 duxit.

318 2295 507 2368 Caeterum
528 2292 626 2391 quod
649 2292 694 2366 ad
716 2294 865 2366 formam
890 2295 1001 2390 hujus
1026 2297 1366 2394 argumentationis

269 2402 431 2488 attinet,
460 2399 618 2472 dubitari
650 2401 780 2496 possit,
806 2425 895 2472 num
926 2397 1102 2497 pleniusa
1122 2401 1365 2498 Xenophane

267 2509 378 2582 fuerit
424 2508 580 2606 exposita
619 2532 728 2605 quam
767 2507 971 2580 Aristoteles
1004 2520 1041 2579 et
1083 2507 1366 2606 Theophrastus

270 2613 486 2688 retulerunt.
520 2615 646 2704 Quum
678 2615 776 2686 enim
808 2617 892 2686 ἀΐδιον
924 2614 1182 2711 sempiternum
1218 2621 1367 2690 statuit

268 2721 403 2812 Deum,
416 2721 454 2792 id
475 2719 547 2792 duo
570 2717 818 2817 complectitur
835 2733 1062 2820 argumenta,
1079 2719 1253 2812 alterum,
1274 2749 1366 2796 non

269 2837 397 2898 natum
412 2851 506 2913 esse,
532 2824 705 2918 alterum,
736 2853 808 2898 non
834 2827 1100 2898 interiturum:
1125 2851 1286 2924 quorum
1310 2829 1365 2902 il-

269 2930 335 3004 tud
358 2931 403 3003 ah
432 2957 474 3004 eo
499 2935 723 3030 expositum,
748 2933 816 3006 hoc
845 2957 929 3006 vero
962 2935 1250 3030 praetermissum
1281 2950 1360 3008 est

266 3038 469 3136 Utrumque
500 3039 647 3138 quidem
679 3065 752 3111 una
789 3039 985 3137 eademque
1016 3040 1146 3111 nititur
1179 3041 1359 3137 ratione3

267 3145 500 3244 quamohrem
520 3145 663 3219 licuerit
686 3146 896 3244 Xenophani
926 3146 962 3217 id
985 3148 1090 3220 tacite
1118 3145 1361 3245 intelligere,

267 3276 486 3350 quamquam
509 3277 529 3324 a
553 3253 678 3324 ceteris
691 3305 702 3344 ‚
726 3265 769 3326 ut
797 3279 817 3324 a
842 3252 1052 3326 Parmenide
1072 3265 1109 3327 et
1137 3279 1157 3324 a
1190 3253 1360 3345 stetisse,

267 3359 430 3432 additum
468 3370 529 3432 est.
558 3358 726 3458 Plerique
751 3373 872 3432 tamen
900 3362 1084 3458 scriptores
1124 3385 1362 3436 commemo-

266 3477 377 3554 rant,
411 3463 666 3564 Xenophanem
696 3479 766 3537 tam
802 3476 911 3560 γένεσιν
936 3491 1046 3564 quam
1078 3472 1189 3564 φθορὰν
1224 3480 1363 3542 sustu-

269 3571 370 3662 lisse,
406 3583 514 3672 atque
554 3571 591 3645 id
625 3572 721 3672 quod
749 3598 822 3645 esse
858 3573 1004 3660 statuit,
1029 3582 1161 3666 ἀγένητον
1188 3579 1238 3642 καὶ
1259 3577 1362 3650 mehor

268 3687 319 3752 καὶ
335 3681 486 3780 ἄφθαρτον
510 3680 735 3780 praedicasse.
762 3679 927 3774 Quorum
951 3681 1194 3753 testimonium
1217 3685 1361 3757 confir-

268 3933 308 4012 μὶ
327 3929 417 4013 ieros}
439 3935 481 3999 iet
499 3935 578 3998 adil·
597 3937 734 4014 μᾶλλοιὶ
753 3934 817 3998 heis
837 3929 1004 4008 eiyirneesr'i
1036 3929 1082 3994 ul
1109 3929 1205 3994 eltae
1233 3934 1364 4016 xristu,

271 4025 342 4106 αἵπερ
360 4020 470 4089 tiaram
491 4032 520 4104 ἐξ
538 4025 625 4098 ὅμοῖον
646 4024 662 4096 nl
681 4025 802 4104 ιἰομοιίο
822 4025 947 4100 γένυν·
971 4020 1033 4105 imp
1055 4020 1200 4086 cilium.
