<?xml version="1.0" encoding="UTF-8"?>
<!DOCTYPE html PUBLIC "-//W3C//DTD XHTML 1.0 Transitional//EN"
    "http://www.w3.org/TR/xhtml1/DTD/xhtml1-transitional.dtd">
<html xmlns="http://www.w3.org/1999/xhtml" xml:lang="en" lang="en">
 <head>
  <title>
</title>
<meta http-equiv="Content-Type" content="text/html;charset=utf-8" />
  <meta name='ocr-system' content='tesseract 3.04.00' />
  <meta name='ocr-capabilities' content='ocr_page ocr_carea ocr_par ocr_line ocrx_word'/>
</head>
<body>
  <div class='ocr_page' id='page_1' title='image "./philosophorumgr01xenogoog_0112.png"; bbox 0 0 2840 4820; ppageno 0'>
   <div class='ocr_carea' id='block_1_1' title="bbox 270 331 915 398">
    <p class='ocr_par' dir='ltr' id='par_1_1' title="bbox 270 331 915 398">
     <span class='ocr_line' id='line_1_1' title="bbox 270 331 915 398; baseline 0 0"><span class='ocrx_word' id='word_1_1' title='bbox 270 331 315 398; x_wconf 74' lang='lat'><strong>7⁰</strong></span> <span class='ocrx_word' id='word_1_2' title='bbox 721 352 915 398; x_wconf 73' lang='lat' dir='ltr'><strong>xerorusrrs</strong></span> 
     </span>
    </p>
   </div>
   <div class='ocr_carea' id='block_1_2' title="bbox 264 495 1387 1987">
    <p class='ocr_par' dir='ltr' id='par_1_2' title="bbox 264 495 1387 1987">
     <span class='ocr_line' id='line_1_2' title="bbox 270 495 1346 603; baseline 0.002 -29"><span class='ocrx_word' id='word_1_3' title='bbox 270 502 427 601; x_wconf 86' lang='lat' dir='ltr'><strong>phanem</strong></span> <span class='ocrx_word' id='word_1_4' title='bbox 440 500 665 603; x_wconf 79' lang='lat' dir='ltr'><strong>conjunxisse</strong></span> <span class='ocrx_word' id='word_1_5' title='bbox 678 505 805 600; x_wconf 73' lang='grc' dir='ltr'>κεφαλάς</span> <span class='ocrx_word' id='word_1_6' title='bbox 816 495 840 570; x_wconf 86' lang='grc' dir='ltr'><strong>τ’</strong></span> <span class='ocrx_word' id='word_1_7' title='bbox 851 511 960 599; x_wconf 80' lang='grc' dir='ltr'><em>ἀρνῶν,</em></span> <span class='ocrx_word' id='word_1_8' title='bbox 974 505 1071 581; x_wconf 68' lang='grc' dir='ltr'><strong>κωλᾶς</strong></span> <span class='ocrx_word' id='word_1_9' title='bbox 1082 496 1106 571; x_wconf 86' lang='grc' dir='ltr'><strong>τ’</strong></span> <span class='ocrx_word' id='word_1_10' title='bbox 1122 501 1242 599; x_wconf 77' lang='grc' dir='ltr'><em>ἐρίφων,</em></span> <span class='ocrx_word' id='word_1_11' title='bbox 1255 503 1346 600; x_wconf 86' lang='lat' dir='ltr'><strong>apud</strong></span> 
     </span>
     <span class='ocr_line' id='line_1_3' title="bbox 270 603 1387 707; baseline -0.001 -26"><span class='ocrx_word' id='word_1_12' title='bbox 270 608 504 682; x_wconf 83' lang='lat' dir='ltr'><strong>Athenaeum</strong></span> <span class='ocrx_word' id='word_1_13' title='bbox 524 608 563 680; x_wconf 90' lang='lat' dir='ltr'><strong>h.</strong></span> <span class='ocrx_word' id='word_1_14' title='bbox 585 603 611 680; x_wconf 96' lang='lat' dir='ltr'><strong>l.</strong></span> <span class='ocrx_word' id='word_1_15' title='bbox 628 609 672 682; x_wconf 84' lang='lat' dir='ltr'><strong>ci.</strong></span> <span class='ocrx_word' id='word_1_16' title='bbox 702 608 819 682; x_wconf 90' lang='lat' dir='ltr'><strong>Schol.</strong></span> <span class='ocrx_word' id='word_1_17' title='bbox 840 607 1023 706; x_wconf 85' lang='lat' dir='ltr'><strong>Aristoph.</strong></span> <span class='ocrx_word' id='word_1_18' title='bbox 1052 607 1091 680; x_wconf 89' lang='lat' dir='ltr'><strong>in</strong></span> <span class='ocrx_word' id='word_1_19' title='bbox 1120 605 1217 680; x_wconf 91' lang='lat' dir='ltr'><strong>Plut.</strong></span> <span class='ocrx_word' id='word_1_20' title='bbox 1249 633 1345 707; x_wconf 81' lang='lat'><strong>1129.</strong></span> <span class='ocrx_word' id='word_1_21' title='bbox 1381 679 1387 700; x_wconf 66' lang='grc'>,</span> 
     </span>
     <span class='ocr_line' id='line_1_4' title="bbox 271 712 1346 813; baseline 0.002 -28"><span class='ocrx_word' id='word_1_22' title='bbox 271 715 473 788; x_wconf 86' lang='lat' dir='ltr'><strong>Hemsterh.</strong></span> <span class='ocrx_word' id='word_1_23' title='bbox 488 714 574 786; x_wconf 90' lang='lat' dir='ltr'><strong>ibid.</strong></span> <span class='ocrx_word' id='word_1_24' title='bbox 589 740 624 812; x_wconf 91' lang='lat' dir='ltr'><strong>p.</strong></span> <span class='ocrx_word' id='word_1_25' title='bbox 655 712 730 806; x_wconf 76' lang='lat'><strong>426</strong></span> <span class='ocrx_word' id='word_1_26' title='bbox 742 739 817 813; x_wconf 87' lang='lat' dir='ltr'><strong>sqq.</strong></span> <span class='ocrx_word' id='word_1_27' title='bbox 837 714 976 786; x_wconf 83' lang='lat' dir='ltr'><strong>Contra</strong></span> <span class='ocrx_word' id='word_1_28' title='bbox 1000 717 1068 802; x_wconf 66' lang='grc' dir='ltr'><strong>βνῡς</strong></span> <span class='ocrx_word' id='word_1_29' title='bbox 1081 718 1196 811; x_wconf 82' lang='grc' dir='ltr'><em>λαρινὸς</em></span> <span class='ocrx_word' id='word_1_30' title='bbox 1212 717 1346 812; x_wconf 83' lang='lat' dir='ltr'><strong>proprie</strong></span> 
     </span>
     <span class='ocr_line' id='line_1_5' title="bbox 271 819 1348 918; baseline -0.002 -24"><span class='ocrx_word' id='word_1_31' title='bbox 271 823 575 916; x_wconf 73' lang='lat' dir='ltr'><strong>hoeaaqinatueet</strong></span> <span class='ocrx_word' id='word_1_32' title='bbox 599 821 741 894; x_wconf 76' lang='lat' dir='ltr'><strong>delicati</strong></span> <span class='ocrx_word' id='word_1_33' title='bbox 765 822 1100 918; x_wconf 75' lang='lat' dir='ltr'><strong>corporis.dicitur,</strong></span> <span class='ocrx_word' id='word_1_34' title='bbox 1124 819 1224 892; x_wconf 91' lang='lat' dir='ltr'><strong>unde</strong></span> <span class='ocrx_word' id='word_1_35' title='bbox 1247 821 1348 893; x_wconf 89' lang='lat' dir='ltr'><strong>etiam</strong></span> 
     </span>
     <span class='ocr_line' id='line_1_6' title="bbox 268 925 1346 1026; baseline -0.001 -28"><span class='ocrx_word' id='word_1_36' title='bbox 268 929 337 1014; x_wconf 77' lang='grc' dir='ltr'><em>βοῦς</em></span> <span class='ocrx_word' id='word_1_37' title='bbox 361 932 520 1026; x_wconf 80' lang='grc' dir='ltr'><em>λαρινεὺειν</em></span> <span class='ocrx_word' id='word_1_38' title='bbox 543 928 635 1000; x_wconf 80' lang='lat' dir='ltr'><strong>dixit</strong></span> <span class='ocrx_word' id='word_1_39' title='bbox 659 927 823 1026; x_wconf 86' lang='lat' dir='ltr'>Sophron</span> <span class='ocrx_word' id='word_1_40' title='bbox 844 955 852 1001; x_wconf 75' lang='grc' dir='ltr'><strong>ι</strong></span> <span class='ocrx_word' id='word_1_41' title='bbox 870 929 942 1002; x_wconf 89' lang='lat' dir='ltr'><strong>vid.</strong></span> <span class='ocrx_word' id='word_1_42' title='bbox 971 929 1203 1002; x_wconf 81' lang='lat' dir='ltr'><strong>Athenaeum</strong></span> <span class='ocrx_word' id='word_1_43' title='bbox 1226 925 1293 1019; x_wconf 71' lang='lat' dir='ltr'><strong>lt,</strong></span> <span class='ocrx_word' id='word_1_44' title='bbox 1314 952 1346 1024; x_wconf 87' lang='lat' dir='ltr'><strong>p.</strong></span> 
     </span>
     <span class='ocr_line' id='line_1_7' title="bbox 271 1033 1349 1134; baseline 0 -28"><span class='ocrx_word' id='word_1_45' title='bbox 271 1033 360 1134; x_wconf 86' lang='lat'><strong>376,</strong></span> <span class='ocrx_word' id='word_1_46' title='bbox 397 1037 437 1107; x_wconf 90' lang='lat' dir='ltr'><strong>B.</strong></span> <span class='ocrx_word' id='word_1_47' title='bbox 473 1035 670 1108; x_wconf 88' lang='lat' dir='ltr'><strong>Casaubon.</strong></span> <span class='ocrx_word' id='word_1_48' title='bbox 700 1035 746 1108; x_wconf 91' lang='lat' dir='ltr'><strong>ad</strong></span> <span class='ocrx_word' id='word_1_49' title='bbox 786 1035 822 1108; x_wconf 91' lang='lat' dir='ltr'><strong>h.</strong></span> <span class='ocrx_word' id='word_1_50' title='bbox 852 1034 876 1107; x_wconf 92' lang='lat' dir='ltr'><strong>l.</strong></span> <span class='ocrx_word' id='word_1_51' title='bbox 904 1062 941 1134; x_wconf 90' lang='lat' dir='ltr'><strong>p.</strong></span> <span class='ocrx_word' id='word_1_52' title='bbox 969 1034 1055 1108; x_wconf 88' lang='lat'><strong>650.</strong></span> <span class='ocrx_word' id='word_1_53' title='bbox 1080 1033 1276 1107; x_wconf 88' lang='lat' dir='ltr'><strong>Schneider</strong></span> <span class='ocrx_word' id='word_1_54' title='bbox 1312 1035 1349 1106; x_wconf 91' lang='lat' dir='ltr'><strong>in</strong></span> 
     </span>
     <span class='ocr_line' id='line_1_8' title="bbox 269 1141 1349 1244; baseline 0 -31"><span class='ocrx_word' id='word_1_55' title='bbox 269 1141 352 1216; x_wconf 85' lang='lat' dir='ltr'><strong>Lex.</strong></span> <span class='ocrx_word' id='word_1_56' title='bbox 368 1171 402 1218; x_wconf 88' lang='lat' dir='ltr'><strong>v.</strong></span> <span class='ocrx_word' id='word_1_57' title='bbox 417 1147 543 1241; x_wconf 76' lang='grc' dir='ltr'><em>λαρινός.</em></span> <span class='ocrx_word' id='word_1_58' title='bbox 558 1145 651 1217; x_wconf 90' lang='lat' dir='ltr'><strong>Hinc</strong></span> <span class='ocrx_word' id='word_1_59' title='bbox 660 1147 735 1240; x_wconf 86' lang='lat' dir='ltr'><strong>jam</strong></span> <span class='ocrx_word' id='word_1_60' title='bbox 758 1143 851 1219; x_wconf 92' lang='lat' dir='ltr'><strong>illud</strong></span> <span class='ocrx_word' id='word_1_61' title='bbox 871 1145 969 1244; x_wconf 89' lang='lat' dir='ltr'><strong>quod</strong></span> <span class='ocrx_word' id='word_1_62' title='bbox 981 1145 1084 1236; x_wconf 90' lang='lat' dir='ltr'><strong>dicit,</strong></span> <span class='ocrx_word' id='word_1_63' title='bbox 1099 1144 1349 1238; x_wconf 78' lang='lat' dir='ltr'><strong>loedipernam</strong></span> 
     </span>
     <span class='ocr_line' id='line_1_9' title="bbox 264 1249 1349 1352; baseline -0.001 -30"><span class='ocrx_word' id='word_1_64' title='bbox 264 1253 395 1347; x_wconf 73' lang='lat' dir='ltr'><strong>pinqoi</strong></span> <span class='ocrx_word' id='word_1_65' title='bbox 419 1254 514 1325; x_wconf 76' lang='lat' dir='ltr'><strong>bocia</strong></span> <span class='ocrx_word' id='word_1_66' title='bbox 537 1279 642 1326; x_wconf 82' lang='lat' dir='ltr'><strong>crure</strong></span> <span class='ocrx_word' id='word_1_67' title='bbox 666 1266 893 1349; x_wconf 78' lang='lat' dir='ltr'><strong>permutare,</strong></span> <span class='ocrx_word' id='word_1_68' title='bbox 921 1253 1011 1352; x_wconf 91' lang='lat' dir='ltr'><strong>quid</strong></span> <span class='ocrx_word' id='word_1_69' title='bbox 1037 1253 1211 1352; x_wconf 86' lang='lat' dir='ltr'><strong>significet</strong></span> <span class='ocrx_word' id='word_1_70' title='bbox 1238 1249 1349 1350; x_wconf 85' lang='lat' dir='ltr'>colligi</span> 
     </span>
     <span class='ocr_line' id='line_1_10' title="bbox 269 1356 1349 1458; baseline 0 -30"><span class='ocrx_word' id='word_1_71' title='bbox 269 1369 397 1456; x_wconf 88' lang='lat' dir='ltr'><strong>potest.</strong></span> <span class='ocrx_word' id='word_1_72' title='bbox 437 1358 593 1432; x_wconf 88' lang='lat' dir='ltr'><strong>Videtur</strong></span> <span class='ocrx_word' id='word_1_73' title='bbox 629 1361 727 1434; x_wconf 89' lang='lat' dir='ltr'><strong>enim</strong></span> <span class='ocrx_word' id='word_1_74' title='bbox 760 1359 885 1436; x_wconf 87' lang='lat' dir='ltr'><strong>festivo</strong></span> <span class='ocrx_word' id='word_1_75' title='bbox 922 1372 961 1434; x_wconf 89' lang='lat' dir='ltr'><strong>et</strong></span> <span class='ocrx_word' id='word_1_76' title='bbox 1002 1356 1169 1458; x_wconf 86' lang='lat' dir='ltr'><strong>populari</strong></span> <span class='ocrx_word' id='word_1_77' title='bbox 1198 1357 1349 1456; x_wconf 88' lang='lat' dir='ltr'><strong>quodam</strong></span> 
     </span>
     <span class='ocr_line' id='line_1_11' title="bbox 270 1463 1349 1565; baseline -0.004 -25"><span class='ocrx_word' id='word_1_78' title='bbox 270 1463 375 1540; x_wconf 89' lang='lat' dir='ltr'><strong>modo</strong></span> <span class='ocrx_word' id='word_1_79' title='bbox 404 1464 543 1538; x_wconf 91' lang='lat' dir='ltr'><strong>dictum</strong></span> <span class='ocrx_word' id='word_1_80' title='bbox 569 1491 643 1539; x_wconf 90' lang='lat' dir='ltr'><strong>esse</strong></span> <span class='ocrx_word' id='word_1_81' title='bbox 667 1468 707 1538; x_wconf 89' lang='lat' dir='ltr'><strong>in</strong></span> <span class='ocrx_word' id='word_1_82' title='bbox 742 1465 926 1565; x_wconf 86' lang='lat' dir='ltr'><strong>aliquem,</strong></span> <span class='ocrx_word' id='word_1_83' title='bbox 967 1467 1033 1564; x_wconf 90' lang='lat' dir='ltr'><strong>qui</strong></span> <span class='ocrx_word' id='word_1_84' title='bbox 1068 1490 1143 1536; x_wconf 91' lang='lat' dir='ltr'><strong>non</strong></span> <span class='ocrx_word' id='word_1_85' title='bbox 1166 1476 1210 1536; x_wconf 88' lang='lat' dir='ltr'><strong>ut</strong></span> <span class='ocrx_word' id='word_1_86' title='bbox 1240 1463 1349 1536; x_wconf 87' lang='lat' dir='ltr'><strong>bonus</strong></span> 
     </span>
     <span class='ocr_line' id='line_1_12' title="bbox 269 1569 1350 1676; baseline 0.001 -33"><span class='ocrx_word' id='word_1_87' title='bbox 269 1569 332 1645; x_wconf 89' lang='lat' dir='ltr'><strong>ille</strong></span> <span class='ocrx_word' id='word_1_88' title='bbox 358 1569 520 1646; x_wconf 81' lang='lat' dir='ltr'><strong>Glaucus</strong></span> <span class='ocrx_word' id='word_1_89' title='bbox 535 1580 650 1671; x_wconf 80' lang='grc' dir='ltr'><em>χρύσεα</em></span> <span class='ocrx_word' id='word_1_90' title='bbox 671 1578 819 1668; x_wconf 83' lang='grc' dir='ltr'><em>χαλκείων</em></span> <span class='ocrx_word' id='word_1_91' title='bbox 838 1584 1131 1676; x_wconf 86' lang='lat' dir='ltr'><strong>permutaverat,</strong></span> <span class='ocrx_word' id='word_1_92' title='bbox 1156 1571 1219 1645; x_wconf 89' lang='lat' dir='ltr'><strong>sed</strong></span> <span class='ocrx_word' id='word_1_93' title='bbox 1234 1583 1350 1644; x_wconf 87' lang='lat' dir='ltr'><strong>eontra</strong></span> 
     </span>
     <span class='ocr_line' id='line_1_13' title="bbox 269 1676 1349 1779; baseline 0.001 -32"><span class='ocrx_word' id='word_1_94' title='bbox 269 1683 388 1770; x_wconf 82' lang='grc' dir='ltr'>χάλκεα</span> <span class='ocrx_word' id='word_1_95' title='bbox 421 1679 637 1769; x_wconf 86' lang='lat' dir='ltr'><strong>donaverat,</strong></span> <span class='ocrx_word' id='word_1_96' title='bbox 667 1688 780 1779; x_wconf 79' lang='grc' dir='ltr'><em>χρύσεα</em></span> <span class='ocrx_word' id='word_1_97' title='bbox 813 1693 1008 1779; x_wconf 83' lang='lat' dir='ltr'><strong>receperat.</strong></span> <span class='ocrx_word' id='word_1_98' title='bbox 1046 1676 1163 1752; x_wconf 92' lang='lat' dir='ltr'><strong>Simili</strong></span> <span class='ocrx_word' id='word_1_99' title='bbox 1200 1677 1349 1776; x_wconf 88' lang='lat' dir='ltr'><strong>quadam</strong></span> 
     </span>
     <span class='ocr_line' id='line_1_14' title="bbox 270 1783 1345 1884; baseline 0 -30"><span class='ocrx_word' id='word_1_100' title='bbox 270 1786 550 1882; x_wconf 88' lang='lat' dir='ltr'><strong>comparatione,</strong></span> <span class='ocrx_word' id='word_1_101' title='bbox 577 1787 688 1883; x_wconf 83' lang='lat' dir='ltr'><strong>magis</strong></span> <span class='ocrx_word' id='word_1_102' title='bbox 722 1797 846 1860; x_wconf 89' lang='lat' dir='ltr'><strong>tamen</strong></span> <span class='ocrx_word' id='word_1_103' title='bbox 875 1788 1030 1861; x_wconf 84' lang='lat' dir='ltr'><strong>rusticae</strong></span> <span class='ocrx_word' id='word_1_104' title='bbox 1060 1785 1156 1860; x_wconf 81' lang='lat' dir='ltr'><strong>ritae</strong></span> <span class='ocrx_word' id='word_1_105' title='bbox 1191 1783 1345 1884; x_wconf 88' lang='lat' dir='ltr'><strong>propria,</strong></span> 
     </span>
     <span class='ocr_line' id='line_1_15' title="bbox 270 1891 889 1987; baseline 0.005 -25"><span class='ocrx_word' id='word_1_106' title='bbox 270 1891 390 1964; x_wconf 89' lang='lat' dir='ltr'><strong>utitur</strong></span> <span class='ocrx_word' id='word_1_107' title='bbox 413 1891 620 1964; x_wconf 86' lang='lat' dir='ltr'><strong>Theocritus</strong></span> <span class='ocrx_word' id='word_1_108' title='bbox 645 1891 699 1965; x_wconf 94' lang='lat' dir='ltr'><strong>Id.</strong></span> <span class='ocrx_word' id='word_1_109' title='bbox 730 1893 786 1987; x_wconf 88' lang='lat' dir='ltr'><strong>V,</strong></span> <span class='ocrx_word' id='word_1_110' title='bbox 815 1891 889 1965; x_wconf 83' lang='lat'><strong>26:</strong></span> 
     </span>
    </p>
   </div>
   <div class='ocr_carea' id='block_1_3' title="bbox 368 2064 1246 2276">
    <p class='ocr_par' dir='ltr' id='par_1_3' title="bbox 368 2064 1246 2276">
     <span class='ocr_line' id='line_1_16' title="bbox 368 2064 1246 2169; baseline 0 -29"><span class='ocrx_word' id='word_1_111' title='bbox 368 2081 411 2149; x_wconf 82' lang='grc' dir='ltr'><strong>τίς</strong></span> <span class='ocrx_word' id='word_1_112' title='bbox 433 2082 539 2168; x_wconf 84' lang='grc' dir='ltr'>τρίχας</span> <span class='ocrx_word' id='word_1_113' title='bbox 564 2064 625 2140; x_wconf 77' lang='grc' dir='ltr'><strong>ἀντ’</strong></span> <span class='ocrx_word' id='word_1_114' title='bbox 647 2073 729 2168; x_wconf 75' lang='grc' dir='ltr'><em>ἐρίων</em></span> <span class='ocrx_word' id='word_1_115' title='bbox 749 2074 923 2162; x_wconf 59' lang='lat' dir='ltr'><strong>&amp;caulam</strong></span> <span class='ocrx_word' id='word_1_116' title='bbox 948 2081 991 2150; x_wconf 79' lang='grc' dir='ltr'><strong>τίς</strong></span> <span class='ocrx_word' id='word_1_117' title='bbox 1012 2073 1068 2160; x_wconf 78' lang='grc' dir='ltr'><strong>δὲ,</strong></span> <span class='ocrx_word' id='word_1_118' title='bbox 1094 2075 1246 2169; x_wconf 78' lang='grc' dir='ltr'><strong>παρεὺσας</strong></span> 
     </span>
     <span class='ocr_line' id='line_1_17' title="bbox 368 2173 1194 2276; baseline 0.002 -28"><span class='ocrx_word' id='word_1_119' title='bbox 368 2184 450 2274; x_wconf 72' lang='grc' dir='ltr'><em>αἰγὸς</em></span> <span class='ocrx_word' id='word_1_120' title='bbox 469 2187 672 2276; x_wconf 78' lang='grc' dir='ltr'><em>πρωτοτόκνω,</em></span> <span class='ocrx_word' id='word_1_121' title='bbox 697 2187 794 2252; x_wconf 76' lang='grc' dir='ltr'><em>κακὰν</em></span> <span class='ocrx_word' id='word_1_122' title='bbox 815 2185 890 2250; x_wconf 84' lang='grc' dir='ltr'><strong>κὺνα</strong></span> <span class='ocrx_word' id='word_1_123' title='bbox 910 2173 1006 2260; x_wconf 66' lang='lat' dir='ltr'><strong>lalet&#39;</strong></span> <span class='ocrx_word' id='word_1_124' title='bbox 1031 2183 1194 2276; x_wconf 65' lang='lat' dir='ltr'><strong>dpeiyeo3</strong></span> 
     </span>
    </p>
   </div>
   <div class='ocr_carea' id='block_1_4' title="bbox 264 2359 1352 2994">
    <p class='ocr_par' dir='ltr' id='par_1_4' title="bbox 264 2359 1352 2994">
     <span class='ocr_line' id='line_1_18' title="bbox 273 2359 1350 2457; baseline -0.002 -27"><span class='ocrx_word' id='word_1_125' title='bbox 273 2363 363 2455; x_wconf 74' lang='lat' dir='ltr'><strong>Quia</strong></span> <span class='ocrx_word' id='word_1_126' title='bbox 382 2359 472 2454; x_wconf 70' lang='lat' dir='ltr'><strong>pilos</strong></span> <span class='ocrx_word' id='word_1_127' title='bbox 494 2385 561 2455; x_wconf 83' lang='lat' dir='ltr'><strong>pro</strong></span> <span class='ocrx_word' id='word_1_128' title='bbox 586 2365 668 2430; x_wconf 82' lang='lat' dir='ltr'><strong>lana</strong></span> <span class='ocrx_word' id='word_1_129' title='bbox 694 2359 865 2432; x_wconf 79' lang='lat' dir='ltr'><strong>tondeat?</strong></span> <span class='ocrx_word' id='word_1_130' title='bbox 893 2365 1007 2454; x_wconf 76' lang='lat' dir='ltr'><strong>Quia,</strong></span> <span class='ocrx_word' id='word_1_131' title='bbox 1033 2365 1094 2432; x_wconf 79' lang='lat' dir='ltr'><strong>cui</strong></span> <span class='ocrx_word' id='word_1_132' title='bbox 1109 2385 1200 2457; x_wconf 75' lang='lat' dir='ltr'><strong>aqna</strong></span> <span class='ocrx_word' id='word_1_133' title='bbox 1216 2361 1350 2455; x_wconf 80' lang='lat' dir='ltr'><strong>primi-</strong></span> 
     </span>
     <span class='ocr_line' id='line_1_19' title="bbox 264 2465 1351 2564; baseline -0.003 -26"><span class='ocrx_word' id='word_1_134' title='bbox 264 2493 357 2564; x_wconf 83' lang='lat' dir='ltr'><strong>para</strong></span> <span class='ocrx_word' id='word_1_135' title='bbox 383 2467 499 2559; x_wconf 78' lang='lat' dir='ltr'><strong>adsit,</strong></span> <span class='ocrx_word' id='word_1_136' title='bbox 526 2473 651 2538; x_wconf 84' lang='lat' dir='ltr'><strong>molam</strong></span> <span class='ocrx_word' id='word_1_137' title='bbox 677 2493 795 2539; x_wconf 79' lang='lat' dir='ltr'><strong>canam</strong></span> <span class='ocrx_word' id='word_1_138' title='bbox 821 2467 1006 2562; x_wconf 71' lang='lat' dir='ltr'><strong>mulpeat?</strong></span> <span class='ocrx_word' id='word_1_139' title='bbox 1034 2468 1110 2540; x_wconf 87' lang='lat' dir='ltr'><strong>Hoc</strong></span> <span class='ocrx_word' id='word_1_140' title='bbox 1141 2479 1267 2542; x_wconf 87' lang='lat' dir='ltr'><strong>autem</strong></span> <span class='ocrx_word' id='word_1_141' title='bbox 1290 2465 1351 2537; x_wconf 80' lang='lat' dir='ltr'><strong>fao·</strong></span> 
     </span>
     <span class='ocr_line' id='line_1_20' title="bbox 269 2571 1352 2674; baseline -0.006 -29"><span class='ocrx_word' id='word_1_142' title='bbox 269 2587 368 2666; x_wconf 89' lang='lat' dir='ltr'><strong>tum,</strong></span> <span class='ocrx_word' id='word_1_143' title='bbox 394 2576 500 2669; x_wconf 84' lang='lat' dir='ltr'><strong>cujus</strong></span> <span class='ocrx_word' id='word_1_144' title='bbox 518 2571 665 2646; x_wconf 87' lang='lat' dir='ltr'><strong>laudem</strong></span> <span class='ocrx_word' id='word_1_145' title='bbox 692 2585 765 2644; x_wconf 86' lang='lat' dir='ltr'><strong>tam</strong></span> <span class='ocrx_word' id='word_1_146' title='bbox 795 2574 921 2648; x_wconf 86' lang='lat' dir='ltr'><strong>festive</strong></span> <span class='ocrx_word' id='word_1_147' title='bbox 947 2571 1104 2666; x_wconf 83' lang='lat' dir='ltr'><strong>extollit,</strong></span> <span class='ocrx_word' id='word_1_148' title='bbox 1130 2599 1204 2674; x_wconf 93' lang='lat' dir='ltr'><strong>quo</strong></span> <span class='ocrx_word' id='word_1_149' title='bbox 1219 2579 1352 2671; x_wconf 85' lang='lat' dir='ltr'><strong>spectet</strong></span> 
     </span>
     <span class='ocr_line' id='line_1_21' title="bbox 270 2673 1351 2781; baseline -0.003 -28"><span class='ocrx_word' id='word_1_150' title='bbox 270 2693 335 2754; x_wconf 85' lang='lat' dir='ltr'><strong>aut</strong></span> <span class='ocrx_word' id='word_1_151' title='bbox 352 2679 396 2752; x_wconf 88' lang='lat' dir='ltr'><strong>ad</strong></span> <span class='ocrx_word' id='word_1_152' title='bbox 410 2705 520 2778; x_wconf 92' lang='lat' dir='ltr'><strong>quem</strong></span> <span class='ocrx_word' id='word_1_153' title='bbox 532 2681 719 2754; x_wconf 90' lang='lat' dir='ltr'><strong>hominem</strong></span> <span class='ocrx_word' id='word_1_154' title='bbox 744 2681 940 2780; x_wconf 89' lang='lat' dir='ltr'><strong>pertineat,</strong></span> <span class='ocrx_word' id='word_1_155' title='bbox 959 2673 1040 2753; x_wconf 78' lang='lat' dir='ltr'><strong>non¹</strong></span> <span class='ocrx_word' id='word_1_156' title='bbox 1055 2693 1170 2781; x_wconf 89' lang='lat' dir='ltr'><strong>patet,</strong></span> <span class='ocrx_word' id='word_1_157' title='bbox 1187 2693 1225 2754; x_wconf 88' lang='lat' dir='ltr'><strong>et</strong></span> <span class='ocrx_word' id='word_1_158' title='bbox 1245 2703 1351 2777; x_wconf 86' lang='lat' dir='ltr'><strong>quae·</strong></span> 
     </span>
     <span class='ocr_line' id='line_1_22' title="bbox 270 2786 1352 2886; baseline -0.001 -27"><span class='ocrx_word' id='word_1_159' title='bbox 270 2812 351 2860; x_wconf 88' lang='lat' dir='ltr'><strong>rere</strong></span> <span class='ocrx_word' id='word_1_160' title='bbox 373 2786 500 2858; x_wconf 91' lang='lat' dir='ltr'><strong>nolim.</strong></span> <span class='ocrx_word' id='word_1_161' title='bbox 528 2786 867 2886; x_wconf 77' lang='lat' dir='ltr'><strong>Schweigha&#39;userus</strong></span> <span class='ocrx_word' id='word_1_162' title='bbox 886 2813 959 2886; x_wconf 92' lang='lat' dir='ltr'><strong>qua</strong></span> <span class='ocrx_word' id='word_1_163' title='bbox 988 2791 1128 2862; x_wconf 88' lang='lat' dir='ltr'><strong>ratione</strong></span> <span class='ocrx_word' id='word_1_164' title='bbox 1157 2789 1203 2861; x_wconf 89' lang='lat' dir='ltr'><strong>de</strong></span> <span class='ocrx_word' id='word_1_165' title='bbox 1229 2786 1352 2886; x_wconf 81' lang='lat' dir='ltr'><strong>Ulysse</strong></span> 
     </span>
     <span class='ocr_line' id='line_1_23' title="bbox 269 2893 1256 2994; baseline 0 -28"><span class='ocrx_word' id='word_1_166' title='bbox 269 2895 393 2994; x_wconf 89' lang='lat' dir='ltr'><strong>Odyss.</strong></span> <span class='ocrx_word' id='word_1_167' title='bbox 418 2927 457 2986; x_wconf 81' lang='lat' dir='ltr'><strong>o,</strong></span> <span class='ocrx_word' id='word_1_168' title='bbox 482 2917 570 2992; x_wconf 87' lang='lat'><strong>299,</strong></span> <span class='ocrx_word' id='word_1_169' title='bbox 593 2893 652 2967; x_wconf 93' lang='lat' dir='ltr'><strong>hic</strong></span> <span class='ocrx_word' id='word_1_170' title='bbox 675 2897 836 2993; x_wconf 86' lang='lat' dir='ltr'><strong>potuerit</strong></span> <span class='ocrx_word' id='word_1_171' title='bbox 858 2897 1012 2994; x_wconf 85' lang='lat' dir='ltr'><strong>cogitare</strong></span> <span class='ocrx_word' id='word_1_172' title='bbox 1041 2921 1114 2967; x_wconf 91' lang='lat' dir='ltr'><strong>non</strong></span> <span class='ocrx_word' id='word_1_173' title='bbox 1140 2895 1256 2970; x_wconf 87' lang='lat' dir='ltr'><strong>video.</strong></span> 
     </span>
    </p>
   </div>
   <div class='ocr_carea' id='block_1_5' title="bbox 193 3017 1352 3226">
    <p class='ocr_par' dir='ltr' id='par_1_5' title="bbox 193 3017 1352 3226">
     <span class='ocr_line' id='line_1_24' title="bbox 193 3017 1352 3121; baseline 0 -31"><span class='ocrx_word' id='word_1_174' title='bbox 193 3095 197 3104; x_wconf 64' lang='grc'><strong>,</strong></span> <span class='ocrx_word' id='word_1_175' title='bbox 318 3045 368 3094; x_wconf 84' lang='lat' dir='ltr'><strong>vs.</strong></span> <span class='ocrx_word' id='word_1_176' title='bbox 401 3045 431 3090; x_wconf 90' lang='lat'><strong>1.</strong></span> <span class='ocrx_word' id='word_1_177' title='bbox 455 3018 480 3096; x_wconf 73' lang='grc' dir='ltr'><em>ἤ</em></span> <span class='ocrx_word' id='word_1_178' title='bbox 480 3047 544 3116; x_wconf 81' lang='grc' dir='ltr'><em>ραν.</em></span> <span class='ocrx_word' id='word_1_179' title='bbox 568 3017 800 3092; x_wconf 85' lang='lat' dir='ltr'><strong>Casauhonus</strong></span> <span class='ocrx_word' id='word_1_180' title='bbox 814 3031 851 3092; x_wconf 91' lang='lat' dir='ltr'><strong>et</strong></span> <span class='ocrx_word' id='word_1_181' title='bbox 875 3019 1208 3119; x_wconf 77' lang='lat' dir='ltr'><strong>Schweightiuserus</strong></span> <span class='ocrx_word' id='word_1_182' title='bbox 1226 3019 1352 3121; x_wconf 84' lang='lat' dir='ltr'><strong>legunt</strong></span> 
     </span>
     <span class='ocr_line' id='line_1_25' title="bbox 268 3123 1352 3226; baseline 0 -28"><span class='ocrx_word' id='word_1_183' title='bbox 268 3127 358 3224; x_wconf 75' lang='grc' dir='ltr'><em>ᾔραο;</em></span> <span class='ocrx_word' id='word_1_184' title='bbox 381 3125 443 3198; x_wconf 88' lang='lat' dir='ltr'><strong>sed</strong></span> <span class='ocrx_word' id='word_1_185' title='bbox 459 3123 543 3196; x_wconf 92' lang='lat' dir='ltr'><strong>libri</strong></span> <span class='ocrx_word' id='word_1_186' title='bbox 567 3125 698 3200; x_wconf 83' lang='lat' dir='ltr'><strong>rectius</strong></span> <span class='ocrx_word' id='word_1_187' title='bbox 720 3127 816 3226; x_wconf 81' lang='grc' dir='ltr'><em>ἦραν,</em></span> <span class='ocrx_word' id='word_1_188' title='bbox 843 3125 941 3226; x_wconf 90' lang='lat' dir='ltr'><strong>quod</strong></span> <span class='ocrx_word' id='word_1_189' title='bbox 965 3125 1118 3199; x_wconf 91' lang='lat' dir='ltr'><strong>ductum</strong></span> <span class='ocrx_word' id='word_1_190' title='bbox 1140 3139 1193 3200; x_wconf 91' lang='lat' dir='ltr'><strong>est</strong></span> <span class='ocrx_word' id='word_1_191' title='bbox 1218 3153 1288 3200; x_wconf 87' lang='lat' dir='ltr'><strong>non</strong></span> <span class='ocrx_word' id='word_1_192' title='bbox 1310 3127 1352 3199; x_wconf 91' lang='lat' dir='ltr'><strong>ah</strong></span> 
     </span>
    </p>
   </div>
   <div class='ocr_carea' id='block_1_6' title="bbox 268 3240 1351 3450">
    <p class='ocr_par' dir='ltr' id='par_1_6' title="bbox 268 3240 1351 3450">
     <span class='ocr_line' id='line_1_26' title="bbox 268 3240 1351 3342; baseline 0.004 -30"><span class='ocrx_word' id='word_1_193' title='bbox 268 3242 395 3340; x_wconf 76' lang='grc' dir='ltr'><em>ἔραμαι,</em></span> <span class='ocrx_word' id='word_1_194' title='bbox 414 3241 475 3314; x_wconf 88' lang='lat' dir='ltr'><strong>sed</strong></span> <span class='ocrx_word' id='word_1_195' title='bbox 501 3240 547 3312; x_wconf 85' lang='lat' dir='ltr'><strong>ab</strong></span> <span class='ocrx_word' id='word_1_196' title='bbox 572 3251 688 3338; x_wconf 73' lang='lat' dir='ltr'><strong>atpeo3</strong></span> <span class='ocrx_word' id='word_1_197' title='bbox 715 3255 769 3316; x_wconf 90' lang='lat' dir='ltr'><strong>est</strong></span> <span class='ocrx_word' id='word_1_198' title='bbox 784 3243 882 3316; x_wconf 88' lang='lat' dir='ltr'><strong>enim</strong></span> <span class='ocrx_word' id='word_1_199' title='bbox 905 3242 1110 3342; x_wconf 92' lang='lat' dir='ltr'><strong>oppositum</strong></span> <span class='ocrx_word' id='word_1_200' title='bbox 1123 3241 1234 3320; x_wconf 87' lang='lat' dir='ltr'><strong>verbo</strong></span> <span class='ocrx_word' id='word_1_201' title='bbox 1255 3242 1351 3342; x_wconf 91' lang='lat' dir='ltr'><strong>quod</strong></span> 
     </span>
     <span class='ocr_line' id='line_1_27' title="bbox 270 3351 689 3450; baseline -0.007 -27"><span class='ocrx_word' id='word_1_202' title='bbox 270 3376 354 3423; x_wconf 81' lang='lat' dir='ltr'><strong>mox</strong></span> <span class='ocrx_word' id='word_1_203' title='bbox 368 3351 534 3450; x_wconf 89' lang='lat' dir='ltr'><strong>sequitur</strong></span> <span class='ocrx_word' id='word_1_204' title='bbox 556 3359 689 3443; x_wconf 69' lang='lat' dir='ltr'><strong>utputo.</strong></span> 
     </span>
    </p>
   </div>
   <div class='ocr_carea' id='block_1_7' title="bbox 269 3511 1353 3830">
    <p class='ocr_par' dir='ltr' id='par_1_7' title="bbox 269 3511 1353 3830">
     <span class='ocr_line' id='line_1_28' title="bbox 318 3511 1353 3613; baseline 0.002 -27"><span class='ocrx_word' id='word_1_205' title='bbox 318 3537 368 3587; x_wconf 77' lang='lat' dir='ltr'><strong>vo.</strong></span> <span class='ocrx_word' id='word_1_206' title='bbox 395 3511 429 3584; x_wconf 89' lang='lat'><strong>3.</strong></span> <span class='ocrx_word' id='word_1_207' title='bbox 448 3517 592 3612; x_wconf 76' lang='grc' dir='ltr'><em>ἀρνξεται,</em></span> <span class='ocrx_word' id='word_1_208' title='bbox 612 3511 735 3585; x_wconf 89' lang='lat' dir='ltr'><strong>malim</strong></span> <span class='ocrx_word' id='word_1_209' title='bbox 753 3518 888 3613; x_wconf 73' lang='grc' dir='ltr'><em>ἐφίξεται.</em></span> <span class='ocrx_word' id='word_1_210' title='bbox 913 3556 963 3568; x_wconf 93' lang='grc'><strong>-</strong></span> <span class='ocrx_word' id='word_1_211' title='bbox 985 3541 1034 3587; x_wconf 89' lang='lat' dir='ltr'><strong>vs.</strong></span> <span class='ocrx_word' id='word_1_212' title='bbox 1060 3514 1094 3607; x_wconf 74' lang='grc'><strong>4.</strong></span> <span class='ocrx_word' id='word_1_213' title='bbox 1108 3519 1269 3588; x_wconf 59' lang='lat' dir='ltr'><strong>attactos.</strong></span> <span class='ocrx_word' id='word_1_214' title='bbox 1285 3515 1353 3588; x_wconf 87' lang='lat' dir='ltr'><strong>Ca-</strong></span> 
     </span>
     <span class='ocr_line' id='line_1_29' title="bbox 270 3619 1353 3724; baseline 0.004 -32"><span class='ocrx_word' id='word_1_215' title='bbox 270 3619 451 3693; x_wconf 85' lang='lat' dir='ltr'><strong>sauhonus</strong></span> <span class='ocrx_word' id='word_1_216' title='bbox 475 3621 630 3694; x_wconf 85' lang='lat' dir='ltr'><strong>correxit</strong></span> <span class='ocrx_word' id='word_1_217' title='bbox 650 3623 810 3694; x_wconf 78' lang='grc' dir='ltr'><em>ὲλλνιδινῶν</em></span> <span class='ocrx_word' id='word_1_218' title='bbox 822 3677 833 3717; x_wconf 86' lang='grc'>,</span> <span class='ocrx_word' id='word_1_219' title='bbox 856 3621 953 3722; x_wconf 92' lang='lat' dir='ltr'><strong>quod</strong></span> <span class='ocrx_word' id='word_1_220' title='bbox 980 3623 1164 3724; x_wconf 88' lang='lat' dir='ltr'><strong>Epitomes</strong></span> <span class='ocrx_word' id='word_1_221' title='bbox 1189 3623 1266 3698; x_wconf 91' lang='lat' dir='ltr'><strong>cod.</strong></span> <span class='ocrx_word' id='word_1_222' title='bbox 1286 3624 1353 3697; x_wconf 89' lang='lat' dir='ltr'><strong>ha-</strong></span> 
     </span>
     <span class='ocr_line' id='line_1_30' title="bbox 269 3729 653 3830; baseline -0.008 -25"><span class='ocrx_word' id='word_1_223' title='bbox 269 3729 332 3805; x_wconf 90' lang='lat' dir='ltr'><strong>bet</strong></span> <span class='ocrx_word' id='word_1_224' title='bbox 358 3730 653 3830; x_wconf 86' lang='lat' dir='ltr'><strong>superscriptum.</strong></span> 
     </span>
    </p>
   </div>
   <div class='ocr_carea' id='block_1_8' title="bbox 0 0 1432 4820">
    <p class='ocr_par' dir='ltr' id='par_1_8' title="bbox 0 0 1432 4820">
     <span class='ocr_line' id='line_1_31' title="bbox 0 0 1432 4820; baseline 0 0"><span class='ocrx_word' id='word_1_225' title='bbox 0 0 1432 4820; x_wconf 95' lang='lat' dir='ltr'><strong> </strong></span> 
     </span>
    </p>
   </div>
  </div>
 </body>
</html>
