2942 4830
274 377 336 440 216
668 388 716 435 nn
738 385 953 434 aanrmnrnra

269 583 358 658 opus
384 571 436 630 est
455 579 646 654 aggressus.
697 554 787 626 Nam
811 578 895 626 cum
918 551 1080 650 plerique
1102 575 1187 626 snae
1209 552 1350 640 aetatis,

267 683 305 752 in
330 701 456 752 verum
473 674 716 774 anquirendo,
735 676 876 747 incertis
890 676 928 746 in
948 671 1055 746 rebus
1073 673 1174 772 qnasi
1190 669 1348 746 fluctua-

267 813 370 891 rent,
388 795 446 868 ille
470 821 599 869 verum
627 821 699 868 non
724 793 762 868 in
783 793 880 869 fluxa
899 807 1028 868 natura
1049 791 1257 866 collocatum
1280 819 1347 865 neo

266 919 426 996 sensibus
452 917 645 992 obnoxium
669 941 743 992 esse
764 915 906 1011 docuit3
923 915 1075 989 secrevit
1093 914 1279 988 veritatem
1303 913 1347 986 ab

266 1041 474 1140 opinionum
498 1041 601 1132 visis,
627 1063 780 1137 eamque
809 1053 950 1111 terrena
980 1035 1079 1108 faece
1104 1033 1287 1108 liberatam
1310 1038 1346 1107 in

266 1160 445 1234 mnndum
478 1157 731 1259 intelligibilem
753 1159 894 1234 extulit.
935 1158 990 1232 Sic
1011 1156 1158 1256 quidem
1179 1153 1346 1230 indicarit

266 1283 449 1381 regionem
473 1307 547 1382 quo
567 1281 791 1356 tendendum
804 1283 848 1354 sit
861 1278 1083 1380 philosopho,
1103 1292 1139 1352 et
1159 1280 1348 1377 quo-opti-

264 1429 347 1478 mus
378 1407 532 1505 quisque
564 1399 725 1476 tetendit.
797 1399 1030 1497 Philosophus
1065 1401 1180 1488 enim,
1227 1413 1271 1472 ut
1300 1399 1346 1471 ait

264 1523 363 1597 Plato
383 1527 466 1617 ¹⁶⁵,
493 1537 653 1600 versatur
675 1525 714 1596 in
741 1522 860 1596 lucido
884 1522 1041 1595 veritatis
1065 1546 1203 1620 campo,
1235 1547 1343 1622 quern

263 1646 397 1719 intueri
421 1643 578 1746 vulgaris
607 1645 696 1718 acies
729 1643 809 1717 non
823 1641 937 1734 valet,
962 1643 1000 1713 in
1026 1644 1118 1716 entis
1150 1644 1268 1740 specie
1290 1643 1344 1740 (τῇ

126 1851 129 1860 ,
264 1774 323 1839 τοῦ
345 1767 435 1848 ὄντος
463 1764 551 1866 ἰδέᾳ)
570 1762 842 1864 contemplanda
866 1787 1006 1861 semper
1027 1777 1148 1837 mente
1170 1767 1340 1838 intentus.
1454 1771 1455 1796 ³

261 1885 342 1961 Non
364 1887 453 1988 quid
480 1887 660 1978 videatur,
691 1887 751 1960 sed
773 1885 862 1986 qnid
883 1887 946 1972 sit,
968 1909 1040 1958 non
1063 1909 1157 1985 quae
1182 1885 1344 1960 sensibus

260 2022 477 2108 appareant,
495 2007 555 2081 sed
582 2034 676 2110 quae
699 2022 822 2082 mente
837 2020 874 2080 et
891 2005 1026 2078 ratione
1044 2005 1342 2105 comprehendan-

260 2144 340 2224 tur,
363 2129 531 2230 indagare
551 2128 746 2230 philosophi
776 2154 912 2203 munus
930 2141 992 2201 est.
1104 2209 1108 2215 ⁴

306 2251 435 2344 Quum
457 2265 579 2325 autem
601 2250 818 2350 philosophia
838 2250 936 2350 quod
958 2263 1099 2324 certum
1122 2267 1158 2325 et
1181 2267 1342 2326 constans

259 2373 303 2444 sit
324 2371 484 2472 indaget,
506 2398 592 2472 prae
616 2373 741 2446 ceteris
767 2371 959 2471 disciplinis
980 2397 1022 2446 eo
1043 2373 1265 2472 potissimum
1277 2398 1341 2446 ex·

258 2491 367 2586 cellit,
389 2493 487 2594 quod
506 2493 586 2567 illae
609 2495 913 2593 proficiscuntura
930 2494 1111 2593 principiis
1124 2492 1339 2594 quibusdam
1454 2505 1455 2550 ἒ

257 2640 352 2714 quae
371 2615 597 2714 postulantur
608 2613 772 2716 quidem,
784 2613 846 2688 sed
863 2641 909 2688 an
928 2641 1012 2692 vera
1026 2615 1117 2706 sint,
1136 2640 1209 2689 non
1226 2643 1339 2716 quae-

256 2735 367 2831 ritur3
385 2735 472 2808 haec
488 2761 572 2812 vero
590 2740 663 2836 ipss
682 2761 805 2810 rerum
817 2735 991 2837 principia
1008 2737 1177 2838 anquirit.
1231 2737 1340 2810 Velut
1365 2843 1368 2850 .

257 2853 416 2957 physice,
436 2871 479 2930 ut
499 2857 662 2957 exemplo
684 2873 782 2948 utar,
805 2883 994 2958 corporum
1019 2871 1164 2932 naturas
1188 2861 1338 2932 actiones
1454 2885 1455 2952 l

256 2990 292 3050 et
307 2975 507 3052 affectiones
517 2979 749 3080 investigans,
765 2981 885 3079 ipsum
905 2979 991 3073 hoc,
1007 3005 1099 3054 esse
1118 2993 1337 3070 naturam,

256 3101 585 3174 essenaturales
602 3102 804 3200 quosdam
825 3117 967 3176 motus
989 3099 1239 3200 ponit30redit‚
1254 3103 1337 3202 quia

254 3219 414 3296 sensibus
435 3225 481 3294 ita
502 3221 662 3316 videtur,
692 3225 773 3297 licet
789 3223 926 3298 ratione
941 3250 1014 3298 non
1035 3221 1163 3298 habeat
1182 3247 1338 3322 perspec-
1454 3291 1455 3324 q

254 3357 345 3416 tum.
362 3340 582 3442 Philosophia
594 3371 678 3419 vero
690 3345 756 3419 hoc
767 3347 907 3444 ipsum,
923 3362 1041 3419 motus
1052 3345 1144 3418 sitne
1154 3370 1280 3424 revera
1291 3369 1334 3417 an

252 3462 416 3538 videatur
439 3479 604 3556 tantum,
631 3467 798 3566 anquirit.
850 3467 978 3567 Itaque
1001 3467 1096 3540 inter
1123 3465 1334 3568 philosophi·
1454 3507 1455 3522 i

252 3617 311 3665 am
330 3607 367 3664 et
384 3607 518 3666 ceteras
539 3589 738 3692 disciplinas
761 3587 827 3662 hoc
844 3589 1052 3686 praesertim
1070 3589 1258 3665 discrimen
1276 3617 1333 3689 po

250 3713 393 3786 nitura
425 3713 626 3808 veteribus,
660 3710 757 3811 quod
782 3708 849 3784 hae
873 3709 1127 3810 hypothesibus
1163 3724 1333 3811 tanquam
1454 3769 1455 3776 ,

249 3832 493 3908 fundamentis
510 3839 689 3926 nitantnr3
708 3832 765 3906 illa
777 3859 862 3908 vero
877 3832 921 3905 ad
933 3833 972 3907 rh
982 3829 1181 3908 ἄνυπσθετὸν
1196 3830 1335 3921 tendat,

247 3953 335 4027 nihil
357 3953 500 4029 aliunde
523 3973 642 4055 petat,
670 3956 730 4032 sed
752 3970 867 4029 toturn
896 3981 987 4052 opus
1007 3955 1110 4053 qussi
1132 3983 1152 4027 a
1174 3953 1246 4028 solo
1268 3979 1332 4026 ex·

277 4113 349 4180 (165)
385 4115 456 4168 Plato
474 4117 552 4187 Soph.
571 4137 596 4187 p.
616 4120 661 4181 aid
683 4125 708 4170 Α.
