<?xml version="1.0" encoding="UTF-8"?>
<!DOCTYPE html PUBLIC "-//W3C//DTD XHTML 1.0 Transitional//EN"
    "http://www.w3.org/TR/xhtml1/DTD/xhtml1-transitional.dtd">
<html xmlns="http://www.w3.org/1999/xhtml" xml:lang="en" lang="en">
 <head>
  <title>
</title>
<meta http-equiv="Content-Type" content="text/html;charset=utf-8" />
  <meta name='ocr-system' content='tesseract 3.04.00' />
  <meta name='ocr-capabilities' content='ocr_page ocr_carea ocr_par ocr_line ocrx_word'/>
</head>
<body>
  <div class='ocr_page' id='page_1' title='image "./philosophorumgr01xenogoog_0046.png"; bbox 0 0 2870 4824; ppageno 0'>
   <div class='ocr_carea' id='block_1_1' title="bbox 277 340 914 404">
    <p class='ocr_par' dir='ltr' id='par_1_1' title="bbox 277 340 914 404">
     <span class='ocr_line' id='line_1_1' title="bbox 277 340 914 404; baseline -0.003 0"><span class='ocrx_word' id='word_1_1' title='bbox 277 340 318 404; x_wconf 90' lang='grc'><strong>10</strong></span> <span class='ocrx_word' id='word_1_2' title='bbox 721 360 914 404; x_wconf 71' lang='lat' dir='ltr'><strong>resonemus</strong></span> 
     </span>
    </p>
   </div>
   <div class='ocr_carea' id='block_1_2' title="bbox 265 507 1363 3722">
    <p class='ocr_par' dir='ltr' id='par_1_2' title="bbox 265 507 1363 2964">
     <span class='ocr_line' id='line_1_2' title="bbox 320 507 1358 608; baseline 0 -28"><span class='ocrx_word' id='word_1_3' title='bbox 320 507 413 608; x_wconf 87' lang='lat' dir='ltr'><strong>Ergo</strong></span> <span class='ocrx_word' id='word_1_4' title='bbox 437 509 466 582; x_wconf 87' lang='lat' dir='ltr'><strong>si</strong></span> <span class='ocrx_word' id='word_1_5' title='bbox 490 511 569 604; x_wconf 85' lang='lat' dir='ltr'><strong>ejus</strong></span> <span class='ocrx_word' id='word_1_6' title='bbox 591 521 751 606; x_wconf 87' lang='lat' dir='ltr'><strong>tempore</strong></span> <span class='ocrx_word' id='word_1_7' title='bbox 778 507 969 606; x_wconf 78' lang='lat' dir='ltr'><strong>diligenter</strong></span> <span class='ocrx_word' id='word_1_8' title='bbox 993 507 1235 582; x_wconf 81' lang='lat' dir='ltr'><strong>determinare</strong></span> <span class='ocrx_word' id='word_1_9' title='bbox 1259 507 1358 584; x_wconf 83' lang='lat' dir='ltr'><strong>veli-</strong></span> 
     </span>
     <span class='ocr_line' id='line_1_3' title="bbox 271 613 1359 715; baseline -0.001 -27"><span class='ocrx_word' id='word_1_10' title='bbox 271 640 368 708; x_wconf 92' lang='lat' dir='ltr'><strong>mus,</strong></span> <span class='ocrx_word' id='word_1_11' title='bbox 389 628 525 715; x_wconf 89' lang='lat' dir='ltr'><strong>quauta</strong></span> <span class='ocrx_word' id='word_1_12' title='bbox 544 616 585 687; x_wconf 93' lang='lat' dir='ltr'><strong>in</strong></span> <span class='ocrx_word' id='word_1_13' title='bbox 603 639 727 688; x_wconf 91' lang='lat' dir='ltr'><strong>rerum</strong></span> <span class='ocrx_word' id='word_1_14' title='bbox 747 613 962 688; x_wconf 75' lang='lat' dir='ltr'>obscuritate</span> <span class='ocrx_word' id='word_1_15' title='bbox 985 627 1023 688; x_wconf 90' lang='lat' dir='ltr'><strong>et</strong></span> <span class='ocrx_word' id='word_1_16' title='bbox 1043 615 1257 713; x_wconf 88' lang='lat' dir='ltr'>opinionum</span> <span class='ocrx_word' id='word_1_17' title='bbox 1281 615 1359 687; x_wconf 85' lang='lat' dir='ltr'><strong>dis-</strong></span> 
     </span>
     <span class='ocr_line' id='line_1_4' title="bbox 271 723 1360 822; baseline -0.002 -26"><span class='ocrx_word' id='word_1_18' title='bbox 271 748 379 798; x_wconf 81' lang='lat' dir='ltr'><strong>sensu</strong></span> <span class='ocrx_word' id='word_1_19' title='bbox 406 747 616 815; x_wconf 81' lang='lat' dir='ltr'>versemur,</span> <span class='ocrx_word' id='word_1_20' title='bbox 641 735 802 822; x_wconf 87' lang='lat' dir='ltr'><strong>apparet.</strong></span> <span class='ocrx_word' id='word_1_21' title='bbox 830 723 1010 796; x_wconf 82' lang='lat' dir='ltr'><strong>Nimirum</strong></span> <span class='ocrx_word' id='word_1_22' title='bbox 1036 749 1121 796; x_wconf 91' lang='lat' dir='ltr'><strong>cum</strong></span> <span class='ocrx_word' id='word_1_23' title='bbox 1149 735 1287 798; x_wconf 88' lang='lat' dir='ltr'><strong>veteres</strong></span> <span class='ocrx_word' id='word_1_24' title='bbox 1316 724 1360 794; x_wconf 90' lang='lat' dir='ltr'><strong>iu</strong></span> 
     </span>
     <span class='ocr_line' id='line_1_5' title="bbox 270 829 1360 928; baseline 0 -26"><span class='ocrx_word' id='word_1_25' title='bbox 270 855 397 904; x_wconf 91' lang='lat' dir='ltr'><strong>rerum</strong></span> <span class='ocrx_word' id='word_1_26' title='bbox 420 831 685 928; x_wconf 87' lang='lat' dir='ltr'><strong>hominumque</strong></span> <span class='ocrx_word' id='word_1_27' title='bbox 712 829 955 928; x_wconf 76' lang='lat' dir='ltr'><strong>temporibus,</strong></span> <span class='ocrx_word' id='word_1_28' title='bbox 975 830 1017 900; x_wconf 90' lang='lat' dir='ltr'><strong>iis</strong></span> <span class='ocrx_word' id='word_1_29' title='bbox 1033 831 1242 927; x_wconf 89' lang='lat' dir='ltr'><strong>praesertim</strong></span> <span class='ocrx_word' id='word_1_30' title='bbox 1259 855 1360 928; x_wconf 89' lang='lat' dir='ltr'><strong>quae</strong></span> 
     </span>
     <span class='ocr_line' id='line_1_6' title="bbox 270 937 1362 1038; baseline -0.003 -26"><span class='ocrx_word' id='word_1_31' title='bbox 270 937 366 1014; x_wconf 87' lang='lat' dir='ltr'><strong>bella</strong></span> <span class='ocrx_word' id='word_1_32' title='bbox 392 940 528 1012; x_wconf 88' lang='lat' dir='ltr'><strong>Persica</strong></span> <span class='ocrx_word' id='word_1_33' title='bbox 553 951 846 1038; x_wconf 86' lang='lat' dir='ltr'><strong>praecesserunt,</strong></span> <span class='ocrx_word' id='word_1_34' title='bbox 868 939 1033 1011; x_wconf 88' lang='lat' dir='ltr'><strong>notandis</strong></span> <span class='ocrx_word' id='word_1_35' title='bbox 1058 965 1188 1037; x_wconf 84' lang='lat' dir='ltr'><strong>parum</strong></span> <span class='ocrx_word' id='word_1_36' title='bbox 1206 939 1362 1012; x_wconf 88' lang='lat' dir='ltr'><strong>fuissent</strong></span> 
     </span>
     <span class='ocr_line' id='line_1_7' title="bbox 270 1044 1361 1145; baseline -0.001 -26"><span class='ocrx_word' id='word_1_37' title='bbox 270 1044 478 1145; x_wconf 84' lang='lat' dir='ltr'><strong>diligentes,</strong></span> <span class='ocrx_word' id='word_1_38' title='bbox 494 1045 669 1145; x_wconf 81' lang='lat' dir='ltr'><strong>pleraque</strong></span> <span class='ocrx_word' id='word_1_39' title='bbox 691 1074 711 1120; x_wconf 87' lang='lat' dir='ltr'><strong>a</strong></span> <span class='ocrx_word' id='word_1_40' title='bbox 737 1045 991 1145; x_wconf 82' lang='lat' dir='ltr'><strong>posterioribus</strong></span> <span class='ocrx_word' id='word_1_41' title='bbox 1017 1045 1193 1142; x_wconf 81' lang='lat' dir='ltr'><strong>probabili</strong></span> <span class='ocrx_word' id='word_1_42' title='bbox 1211 1049 1361 1140; x_wconf 85' lang='lat' dir='ltr'><strong>conjec-</strong></span> 
     </span>
     <span class='ocr_line' id='line_1_8' title="bbox 271 1153 1360 1228; baseline 0 -4"><span class='ocrx_word' id='word_1_43' title='bbox 271 1165 353 1226; x_wconf 86' lang='lat' dir='ltr'><strong>tura</strong></span> <span class='ocrx_word' id='word_1_44' title='bbox 377 1154 523 1228; x_wconf 89' lang='lat' dir='ltr'><strong>definita</strong></span> <span class='ocrx_word' id='word_1_45' title='bbox 547 1167 633 1228; x_wconf 90' lang='lat' dir='ltr'><strong>sunt</strong></span> <span class='ocrx_word' id='word_1_46' title='bbox 654 1181 721 1228; x_wconf 87' lang='lat' dir='ltr'><strong>:ea</strong></span> <span class='ocrx_word' id='word_1_47' title='bbox 737 1153 939 1226; x_wconf 87' lang='lat' dir='ltr'><strong>multorum</strong></span> <span class='ocrx_word' id='word_1_48' title='bbox 957 1179 1121 1226; x_wconf 90' lang='lat' dir='ltr'><strong>errorum</strong></span> <span class='ocrx_word' id='word_1_49' title='bbox 1135 1179 1254 1226; x_wconf 89' lang='lat' dir='ltr'><strong>caussa</strong></span> <span class='ocrx_word' id='word_1_50' title='bbox 1272 1154 1360 1225; x_wconf 86' lang='lat' dir='ltr'><strong>fuit.</strong></span> 
     </span>
     <span class='ocr_line' id='line_1_9' title="bbox 270 1261 1363 1359; baseline 0 -25"><span class='ocrx_word' id='word_1_51' title='bbox 270 1261 516 1352; x_wconf 85' lang='lat' dir='ltr'><strong>Quamobrem</strong></span> <span class='ocrx_word' id='word_1_52' title='bbox 531 1289 598 1336; x_wconf 89' lang='lat' dir='ltr'><strong>nec</strong></span> <span class='ocrx_word' id='word_1_53' title='bbox 615 1264 799 1335; x_wconf 87' lang='lat' dir='ltr'><strong>Timaeum</strong></span> <span class='ocrx_word' id='word_1_54' title='bbox 815 1263 854 1333; x_wconf 91' lang='lat' dir='ltr'><strong>in</strong></span> <span class='ocrx_word' id='word_1_55' title='bbox 874 1261 1103 1334; x_wconf 83' lang='lat' dir='ltr'><strong>memoranda</strong></span> <span class='ocrx_word' id='word_1_56' title='bbox 1127 1261 1363 1359; x_wconf 85' lang='lat' dir='ltr'><strong>Xenophanis</strong></span> 
     </span>
     <span class='ocr_line' id='line_1_10' title="bbox 269 1366 1361 1466; baseline 0 -26"><span class='ocrx_word' id='word_1_57' title='bbox 269 1379 386 1440; x_wconf 87' lang='lat' dir='ltr'><strong>aetate</strong></span> <span class='ocrx_word' id='word_1_58' title='bbox 410 1394 570 1465; x_wconf 84' lang='lat' dir='ltr'><strong>peccasse</strong></span> <span class='ocrx_word' id='word_1_59' title='bbox 593 1369 801 1442; x_wconf 87' lang='lat' dir='ltr'><strong>mirandum</strong></span> <span class='ocrx_word' id='word_1_60' title='bbox 827 1381 904 1461; x_wconf 91' lang='lat' dir='ltr'><strong>est,</strong></span> <span class='ocrx_word' id='word_1_61' title='bbox 920 1394 1040 1466; x_wconf 91' lang='lat' dir='ltr'><strong>neque</strong></span> <span class='ocrx_word' id='word_1_62' title='bbox 1055 1366 1299 1465; x_wconf 88' lang='lat' dir='ltr'><strong>Apollodoro,</strong></span> <span class='ocrx_word' id='word_1_63' title='bbox 1317 1369 1361 1440; x_wconf 88' lang='lat' dir='ltr'><strong>in</strong></span> 
     </span>
     <span class='ocr_line' id='line_1_11' title="bbox 269 1472 1359 1568; baseline 0.004 -24"><span class='ocrx_word' id='word_1_64' title='bbox 269 1472 381 1548; x_wconf 84' lang='lat' dir='ltr'><strong>natali</strong></span> <span class='ocrx_word' id='word_1_65' title='bbox 394 1501 489 1548; x_wconf 84' lang='lat' dir='ltr'><strong>anno</strong></span> <span class='ocrx_word' id='word_1_66' title='bbox 501 1475 723 1567; x_wconf 89' lang='lat' dir='ltr'><strong>definiendo,</strong></span> <span class='ocrx_word' id='word_1_67' title='bbox 739 1475 826 1549; x_wconf 88' lang='lat' dir='ltr'><strong>lides</strong></span> <span class='ocrx_word' id='word_1_68' title='bbox 839 1472 942 1548; x_wconf 85' lang='lat' dir='ltr'><strong>facile</strong></span> <span class='ocrx_word' id='word_1_69' title='bbox 955 1473 1131 1547; x_wconf 83' lang='lat' dir='ltr'><strong>habenda.</strong></span> <span class='ocrx_word' id='word_1_70' title='bbox 1147 1473 1247 1568; x_wconf 86' lang='lat' dir='ltr'><strong>Quid</strong></span> <span class='ocrx_word' id='word_1_71' title='bbox 1264 1500 1359 1550; x_wconf 77' lang='lat' dir='ltr'><strong>vero</strong></span> 
     </span>
     <span class='ocr_line' id='line_1_12' title="bbox 269 1581 1362 1680; baseline 0.003 -28"><span class='ocrx_word' id='word_1_72' title='bbox 269 1607 409 1654; x_wconf 88' lang='lat' dir='ltr'><strong>annum</strong></span> <span class='ocrx_word' id='word_1_73' title='bbox 434 1607 674 1680; x_wconf 87' lang='lat' dir='ltr'><strong>quaeramus,</strong></span> <span class='ocrx_word' id='word_1_74' title='bbox 701 1607 788 1654; x_wconf 91' lang='lat' dir='ltr'><strong>cum</strong></span> <span class='ocrx_word' id='word_1_75' title='bbox 814 1585 912 1654; x_wconf 57' lang='lat' dir='ltr'><strong>aetas*</strong></span> <span class='ocrx_word' id='word_1_76' title='bbox 933 1584 1012 1677; x_wconf 85' lang='lat' dir='ltr'><strong>ejus</strong></span> <span class='ocrx_word' id='word_1_77' title='bbox 1030 1581 1060 1652; x_wconf 92' lang='lat' dir='ltr'><strong>si</strong></span> <span class='ocrx_word' id='word_1_78' title='bbox 1076 1607 1151 1652; x_wconf 91' lang='lat' dir='ltr'><strong>non</strong></span> <span class='ocrx_word' id='word_1_79' title='bbox 1172 1592 1269 1654; x_wconf 85' lang='lat' dir='ltr'><strong>arcte</strong></span> <span class='ocrx_word' id='word_1_80' title='bbox 1285 1581 1362 1655; x_wconf 89' lang='lat' dir='ltr'><strong>de-</strong></span> 
     </span>
     <span class='ocr_line' id='line_1_13' title="bbox 267 1685 1361 1786; baseline 0.003 -30"><span class='ocrx_word' id='word_1_81' title='bbox 267 1685 380 1779; x_wconf 88' lang='lat' dir='ltr'><strong>finiri,</strong></span> <span class='ocrx_word' id='word_1_82' title='bbox 399 1687 632 1784; x_wconf 87' lang='lat' dir='ltr'><strong>probabiliter</strong></span> <span class='ocrx_word' id='word_1_83' title='bbox 645 1699 768 1760; x_wconf 83' lang='lat' dir='ltr'><strong>tamen</strong></span> <span class='ocrx_word' id='word_1_84' title='bbox 782 1687 959 1786; x_wconf 89' lang='lat' dir='ltr'><strong>designari</strong></span> <span class='ocrx_word' id='word_1_85' title='bbox 975 1685 1112 1786; x_wconf 78' lang='lat' dir='ltr'><strong>possit?</strong></span> <span class='ocrx_word' id='word_1_86' title='bbox 1128 1685 1206 1758; x_wconf 85' lang='lat' dir='ltr'><strong>Flos</strong></span> <span class='ocrx_word' id='word_1_87' title='bbox 1220 1690 1300 1782; x_wconf 86' lang='lat' dir='ltr'><strong>ejus</strong></span> <span class='ocrx_word' id='word_1_88' title='bbox 1316 1689 1361 1760; x_wconf 90' lang='lat' dir='ltr'><strong>in</strong></span> 
     </span>
     <span class='ocr_line' id='line_1_14' title="bbox 267 1792 1358 1894; baseline 0.004 -30"><span class='ocrx_word' id='word_1_89' title='bbox 267 1792 411 1893; x_wconf 82' lang='lat' dir='ltr'><strong>Olymp.</strong></span> <span class='ocrx_word' id='word_1_90' title='bbox 427 1793 478 1868; x_wconf 87' lang='lat'><strong>60</strong></span> <span class='ocrx_word' id='word_1_91' title='bbox 491 1795 641 1886; x_wconf 88' lang='lat' dir='ltr'><strong>incidit,</strong></span> <span class='ocrx_word' id='word_1_92' title='bbox 666 1808 710 1868; x_wconf 89' lang='lat' dir='ltr'><strong>ut</strong></span> <span class='ocrx_word' id='word_1_93' title='bbox 725 1805 865 1870; x_wconf 91' lang='lat' dir='ltr'><strong>veteres</strong></span> <span class='ocrx_word' id='word_1_94' title='bbox 881 1807 1084 1888; x_wconf 73' lang='lat' dir='ltr'><strong>testantur,</strong></span> <span class='ocrx_word' id='word_1_95' title='bbox 1110 1807 1148 1868; x_wconf 86' lang='lat' dir='ltr'><strong>et</strong></span> <span class='ocrx_word' id='word_1_96' title='bbox 1170 1807 1358 1894; x_wconf 84' lang='lat' dir='ltr'><strong>quantum</strong></span> 
     </span>
     <span class='ocr_line' id='line_1_15' title="bbox 268 1899 1359 2000; baseline 0 -28"><span class='ocrx_word' id='word_1_97' title='bbox 268 1924 313 1972; x_wconf 84' lang='lat' dir='ltr'><strong>ex</strong></span> <span class='ocrx_word' id='word_1_98' title='bbox 339 1927 465 1975; x_wconf 89' lang='lat' dir='ltr'><strong>rerum</strong></span> <span class='ocrx_word' id='word_1_99' title='bbox 492 1915 772 2000; x_wconf 87' lang='lat' dir='ltr'><strong>temporumque</strong></span> <span class='ocrx_word' id='word_1_100' title='bbox 797 1903 1045 1986; x_wconf 88' lang='lat' dir='ltr'><strong>monumentis</strong></span> <span class='ocrx_word' id='word_1_101' title='bbox 1068 1899 1188 1999; x_wconf 85' lang='lat' dir='ltr'><strong>colligi</strong></span> <span class='ocrx_word' id='word_1_102' title='bbox 1216 1914 1359 1999; x_wconf 90' lang='lat' dir='ltr'><strong>potest,</strong></span> 
     </span>
     <span class='ocr_line' id='line_1_16' title="bbox 268 2007 1360 2107; baseline 0.004 -29"><span class='ocrx_word' id='word_1_103' title='bbox 268 2007 453 2104; x_wconf 82' lang='lat' dir='ltr'><strong>probabile</strong></span> <span class='ocrx_word' id='word_1_104' title='bbox 479 2020 554 2100; x_wconf 87' lang='lat' dir='ltr'><strong>est,</strong></span> <span class='ocrx_word' id='word_1_105' title='bbox 582 2033 670 2082; x_wconf 92' lang='lat' dir='ltr'><strong>eum</strong></span> <span class='ocrx_word' id='word_1_106' title='bbox 695 2033 769 2080; x_wconf 90' lang='lat' dir='ltr'><strong>non</strong></span> <span class='ocrx_word' id='word_1_107' title='bbox 791 2021 875 2079; x_wconf 90' lang='lat' dir='ltr'><strong>ante</strong></span> <span class='ocrx_word' id='word_1_108' title='bbox 901 2007 1045 2107; x_wconf 84' lang='lat' dir='ltr'><strong>Olymp.</strong></span> <span class='ocrx_word' id='word_1_109' title='bbox 1073 2031 1121 2106; x_wconf 85' lang='lat'><strong>7⁰</strong></span> <span class='ocrx_word' id='word_1_110' title='bbox 1151 2009 1360 2104; x_wconf 76' lang='lat' dir='ltr'><strong>decessese3</strong></span> 
     </span>
     <span class='ocr_line' id='line_1_17' title="bbox 268 2114 1360 2215; baseline 0.002 -27"><span class='ocrx_word' id='word_1_111' title='bbox 268 2140 352 2215; x_wconf 89' lang='lat' dir='ltr'><strong>ergo</strong></span> <span class='ocrx_word' id='word_1_112' title='bbox 378 2143 445 2189; x_wconf 90' lang='lat' dir='ltr'><strong>nec</strong></span> <span class='ocrx_word' id='word_1_113' title='bbox 467 2129 552 2188; x_wconf 88' lang='lat' dir='ltr'><strong>ante</strong></span> <span class='ocrx_word' id='word_1_114' title='bbox 577 2114 624 2206; x_wconf 71' lang='grc'><strong>45</strong></span> <span class='ocrx_word' id='word_1_115' title='bbox 648 2114 792 2215; x_wconf 67' lang='lat' dir='ltr'><strong>Olymp.</strong></span> <span class='ocrx_word' id='word_1_116' title='bbox 817 2129 946 2188; x_wconf 85' lang='lat' dir='ltr'><strong>natum</strong></span> <span class='ocrx_word' id='word_1_117' title='bbox 969 2143 1067 2208; x_wconf 90' lang='lat' dir='ltr'><strong>esse,</strong></span> <span class='ocrx_word' id='word_1_118' title='bbox 1083 2118 1256 2191; x_wconf 85' lang='lat' dir='ltr'><strong>cum-vita</strong></span> <span class='ocrx_word' id='word_1_119' title='bbox 1275 2121 1360 2213; x_wconf 86' lang='lat' dir='ltr'><strong>ejus</strong></span> 
     </span>
     <span class='ocr_line' id='line_1_18' title="bbox 267 2221 1361 2323; baseline 0 -25"><span class='ocrx_word' id='word_1_120' title='bbox 267 2235 417 2298; x_wconf 89' lang='lat' dir='ltr'><strong>centum</strong></span> <span class='ocrx_word' id='word_1_121' title='bbox 433 2225 509 2298; x_wconf 90' lang='lat' dir='ltr'><strong>fere</strong></span> <span class='ocrx_word' id='word_1_122' title='bbox 531 2225 634 2296; x_wconf 88' lang='lat' dir='ltr'><strong>annis</strong></span> <span class='ocrx_word' id='word_1_123' title='bbox 650 2221 826 2322; x_wconf 88' lang='lat' dir='ltr'><strong>completa</strong></span> <span class='ocrx_word' id='word_1_124' title='bbox 843 2225 955 2298; x_wconf 87' lang='lat' dir='ltr'><strong>fuerit</strong></span> <span class='ocrx_word' id='word_1_125' title='bbox 973 2251 980 2294; x_wconf 92' lang='lat'>:</span> <span class='ocrx_word' id='word_1_126' title='bbox 998 2225 1121 2323; x_wconf 80' lang='lat' dir='ltr'><strong>itaque</strong></span> <span class='ocrx_word' id='word_1_127' title='bbox 1139 2225 1267 2300; x_wconf 79' lang='lat' dir='ltr'><strong>vixerit</strong></span> <span class='ocrx_word' id='word_1_128' title='bbox 1282 2225 1361 2298; x_wconf 87' lang='lat' dir='ltr'><strong>fere</strong></span> 
     </span>
     <span class='ocr_line' id='line_1_19' title="bbox 268 2327 1360 2428; baseline -0.001 -22"><span class='ocrx_word' id='word_1_129' title='bbox 268 2360 299 2406; x_wconf 88' lang='lat' dir='ltr'><strong>a.</strong></span> <span class='ocrx_word' id='word_1_130' title='bbox 312 2327 632 2404; x_wconf 87' lang='lat' dir='ltr'><strong>Chr.600-5oo.In</strong></span> <span class='ocrx_word' id='word_1_131' title='bbox 643 2330 735 2404; x_wconf 85' lang='lat' dir='ltr'><strong>hauc</strong></span> <span class='ocrx_word' id='word_1_132' title='bbox 748 2342 901 2406; x_wconf 86' lang='lat' dir='ltr'><strong>aetatem</strong></span> <span class='ocrx_word' id='word_1_133' title='bbox 912 2329 1086 2428; x_wconf 86' lang='lat' dir='ltr'><strong>pleraque</strong></span> <span class='ocrx_word' id='word_1_134' title='bbox 1100 2331 1245 2423; x_wconf 86' lang='lat' dir='ltr'><strong>cadunt,</strong></span> <span class='ocrx_word' id='word_1_135' title='bbox 1259 2356 1360 2428; x_wconf 87' lang='lat' dir='ltr'><strong>quae</strong></span> 
     </span>
     <span class='ocr_line' id='line_1_20' title="bbox 266 2435 1357 2534; baseline -0.003 -20"><span class='ocrx_word' id='word_1_136' title='bbox 266 2466 287 2514; x_wconf 85' lang='lat' dir='ltr'><strong>a</strong></span> <span class='ocrx_word' id='word_1_137' title='bbox 307 2437 490 2514; x_wconf 86' lang='lat' dir='ltr'><strong>veteribus</strong></span> <span class='ocrx_word' id='word_1_138' title='bbox 509 2449 684 2510; x_wconf 86' lang='lat' dir='ltr'><strong>notantur</strong></span> <span class='ocrx_word' id='word_1_139' title='bbox 703 2463 712 2510; x_wconf 91' lang='lat'>:</span> <span class='ocrx_word' id='word_1_140' title='bbox 734 2439 783 2510; x_wconf 91' lang='lat' dir='ltr'><strong>sic</strong></span> <span class='ocrx_word' id='word_1_141' title='bbox 803 2463 896 2534; x_wconf 93' lang='lat' dir='ltr'><strong>puer</strong></span> <span class='ocrx_word' id='word_1_142' title='bbox 917 2435 979 2509; x_wconf 91' lang='lat' dir='ltr'><strong>ille</strong></span> <span class='ocrx_word' id='word_1_143' title='bbox 1004 2450 1068 2510; x_wconf 87' lang='lat' dir='ltr'><strong>aut</strong></span> <span class='ocrx_word' id='word_1_144' title='bbox 1092 2437 1210 2509; x_wconf 87' lang='lat' dir='ltr'><strong>infans</strong></span> <span class='ocrx_word' id='word_1_145' title='bbox 1232 2437 1357 2512; x_wconf 87' lang='lat' dir='ltr'><strong>adhuc</strong></span> 
     </span>
     <span class='ocr_line' id='line_1_21' title="bbox 266 2545 1359 2645; baseline 0.001 -27"><span class='ocrx_word' id='word_1_146' title='bbox 266 2547 399 2638; x_wconf 86' lang='lat' dir='ltr'><strong>fuerit,</strong></span> <span class='ocrx_word' id='word_1_147' title='bbox 418 2545 546 2643; x_wconf 88' lang='lat' dir='ltr'><strong>grandi</strong></span> <span class='ocrx_word' id='word_1_148' title='bbox 564 2549 640 2641; x_wconf 87' lang='lat' dir='ltr'><strong>jam</strong></span> <span class='ocrx_word' id='word_1_149' title='bbox 657 2559 750 2618; x_wconf 89' lang='lat' dir='ltr'><strong>natu</strong></span> <span class='ocrx_word' id='word_1_150' title='bbox 773 2545 1011 2645; x_wconf 81' lang='lat' dir='ltr'><strong>Epimenide3</strong></span> <span class='ocrx_word' id='word_1_151' title='bbox 1037 2546 1359 2619; x_wconf 80' lang='lat' dir='ltr'><strong>Anaximandrum</strong></span> 
     </span>
     <span class='ocr_line' id='line_1_22' title="bbox 267 2651 1359 2750; baseline 0.002 -26"><span class='ocrx_word' id='word_1_152' title='bbox 267 2663 357 2726; x_wconf 90' lang='lat' dir='ltr'><strong>natu</strong></span> <span class='ocrx_word' id='word_1_153' title='bbox 384 2655 559 2747; x_wconf 87' lang='lat' dir='ltr'><strong>majorem</strong></span> <span class='ocrx_word' id='word_1_154' title='bbox 584 2651 789 2725; x_wconf 87' lang='lat' dir='ltr'><strong>adolescens</strong></span> <span class='ocrx_word' id='word_1_155' title='bbox 817 2652 971 2744; x_wconf 73' lang='lat' dir='ltr'><strong>viderit,</strong></span> <span class='ocrx_word' id='word_1_156' title='bbox 1002 2676 1107 2750; x_wconf 88' lang='lat' dir='ltr'><strong>porro</strong></span> <span class='ocrx_word' id='word_1_157' title='bbox 1134 2652 1359 2750; x_wconf 85' lang='lat' dir='ltr'><strong>Pythagorae</strong></span> 
     </span>
     <span class='ocr_line' id='line_1_23' title="bbox 265 2759 1359 2858; baseline 0 -25"><span class='ocrx_word' id='word_1_158' title='bbox 265 2761 378 2833; x_wconf 86' lang='lat' dir='ltr'><strong>firerit</strong></span> <span class='ocrx_word' id='word_1_159' title='bbox 403 2785 519 2856; x_wconf 88' lang='lat' dir='ltr'><strong>paene</strong></span> <span class='ocrx_word' id='word_1_160' title='bbox 545 2759 727 2857; x_wconf 74' lang='lat' dir='ltr'><strong>aequalis,</strong></span> <span class='ocrx_word' id='word_1_161' title='bbox 752 2759 914 2858; x_wconf 90' lang='lat' dir='ltr'><strong>denique</strong></span> <span class='ocrx_word' id='word_1_162' title='bbox 937 2771 1098 2832; x_wconf 86' lang='lat' dir='ltr'><strong>extrema</strong></span> <span class='ocrx_word' id='word_1_163' title='bbox 1122 2762 1204 2855; x_wconf 85' lang='lat' dir='ltr'><strong>ejus</strong></span> <span class='ocrx_word' id='word_1_164' title='bbox 1227 2783 1359 2833; x_wconf 89' lang='lat' dir='ltr'><strong>senec-</strong></span> 
     </span>
     <span class='ocr_line' id='line_1_24' title="bbox 267 2865 1276 2964; baseline 0 -26"><span class='ocrx_word' id='word_1_165' title='bbox 267 2880 435 2940; x_wconf 90' lang='lat' dir='ltr'><strong>tuscum</strong></span> <span class='ocrx_word' id='word_1_166' title='bbox 460 2868 613 2942; x_wconf 88' lang='lat' dir='ltr'><strong>ineunte</strong></span> <span class='ocrx_word' id='word_1_167' title='bbox 636 2867 800 2940; x_wconf 90' lang='lat' dir='ltr'><strong>Hieronis</strong></span> <span class='ocrx_word' id='word_1_168' title='bbox 825 2865 1061 2940; x_wconf 86' lang='lat' dir='ltr'><strong>adolescentia</strong></span> <span class='ocrx_word' id='word_1_169' title='bbox 1089 2878 1276 2964; x_wconf 85' lang='lat' dir='ltr'><strong>congruat.</strong></span> 
     </span>
    </p>

    <p class='ocr_par' dir='ltr' id='par_1_3' title="bbox 266 2973 1359 3722">
     <span class='ocr_line' id='line_1_25' title="bbox 315 2973 1359 3073; baseline 0 -25"><span class='ocrx_word' id='word_1_170' title='bbox 315 2975 413 3048; x_wconf 80' lang='lat' dir='ltr'><strong>Haec</strong></span> <span class='ocrx_word' id='word_1_171' title='bbox 434 2973 480 3048; x_wconf 88' lang='lat' dir='ltr'><strong>de</strong></span> <span class='ocrx_word' id='word_1_172' title='bbox 504 2974 735 3073; x_wconf 87' lang='lat' dir='ltr'><strong>Xenophanis</strong></span> <span class='ocrx_word' id='word_1_173' title='bbox 759 2987 900 3068; x_wconf 85' lang='lat' dir='ltr'><strong>aetate,</strong></span> <span class='ocrx_word' id='word_1_174' title='bbox 921 2977 960 3046; x_wconf 90' lang='lat' dir='ltr'><strong>in</strong></span> <span class='ocrx_word' id='word_1_175' title='bbox 983 2974 1119 3072; x_wconf 91' lang='lat' dir='ltr'><strong>quibus</strong></span> <span class='ocrx_word' id='word_1_176' title='bbox 1141 2975 1359 3049; x_wconf 88' lang='lat' dir='ltr'><strong>disserendis</strong></span> 
     </span>
     <span class='ocr_line' id='line_1_26' title="bbox 266 3081 1356 3182; baseline 0.001 -27"><span class='ocrx_word' id='word_1_177' title='bbox 266 3081 442 3182; x_wconf 88' lang='lat' dir='ltr'><strong>longiores</strong></span> <span class='ocrx_word' id='word_1_178' title='bbox 458 3082 594 3156; x_wconf 83' lang='lat' dir='ltr'><strong>fuimus</strong></span> <span class='ocrx_word' id='word_1_179' title='bbox 616 3095 689 3155; x_wconf 86' lang='lat' dir='ltr'><strong>tam</strong></span> <span class='ocrx_word' id='word_1_180' title='bbox 707 3095 856 3181; x_wconf 88' lang='lat' dir='ltr'><strong>propter</strong></span> <span class='ocrx_word' id='word_1_181' title='bbox 878 3082 1081 3155; x_wconf 91' lang='lat' dir='ltr'><strong>multorum</strong></span> <span class='ocrx_word' id='word_1_182' title='bbox 1099 3082 1356 3176; x_wconf 89' lang='lat' dir='ltr'><strong>dissensiones,</strong></span> 
     </span>
     <span class='ocr_line' id='line_1_27' title="bbox 267 3191 1355 3292; baseline -0.003 -26"><span class='ocrx_word' id='word_1_183' title='bbox 267 3217 379 3292; x_wconf 86' lang='lat' dir='ltr'><strong>quam</strong></span> <span class='ocrx_word' id='word_1_184' title='bbox 414 3193 624 3290; x_wconf 88' lang='lat' dir='ltr'><strong>praesertim</strong></span> <span class='ocrx_word' id='word_1_185' title='bbox 664 3205 811 3289; x_wconf 90' lang='lat' dir='ltr'><strong>propter</strong></span> <span class='ocrx_word' id='word_1_186' title='bbox 847 3191 958 3289; x_wconf 86' lang='lat' dir='ltr'><strong>ipsius</strong></span> <span class='ocrx_word' id='word_1_187' title='bbox 996 3193 1049 3264; x_wconf 89' lang='lat' dir='ltr'><strong>rei</strong></span> <span class='ocrx_word' id='word_1_188' title='bbox 1090 3204 1317 3264; x_wconf 89' lang='lat' dir='ltr'><strong>momentum</strong></span> <span class='ocrx_word' id='word_1_189' title='bbox 1344 3247 1355 3285; x_wconf 94' lang='lat'><strong>,</strong></span> 
     </span>
     <span class='ocr_line' id='line_1_28' title="bbox 267 3298 1358 3402; baseline -0.002 -28"><span class='ocrx_word' id='word_1_190' title='bbox 267 3301 365 3402; x_wconf 89' lang='lat' dir='ltr'><strong>quod</strong></span> <span class='ocrx_word' id='word_1_191' title='bbox 391 3299 480 3372; x_wconf 87' lang='lat' dir='ltr'><strong>haec</strong></span> <span class='ocrx_word' id='word_1_192' title='bbox 502 3300 663 3396; x_wconf 86' lang='lat' dir='ltr'><strong>quaestio</strong></span> <span class='ocrx_word' id='word_1_193' title='bbox 686 3298 783 3374; x_wconf 85' lang='lat' dir='ltr'><strong>valet</strong></span> <span class='ocrx_word' id='word_1_194' title='bbox 806 3300 980 3399; x_wconf 82' lang='lat' dir='ltr'><strong>adipeam</strong></span> <span class='ocrx_word' id='word_1_195' title='bbox 996 3298 1197 3398; x_wconf 89' lang='lat' dir='ltr'><strong>philosophi</strong></span> <span class='ocrx_word' id='word_1_196' title='bbox 1216 3300 1358 3374; x_wconf 87' lang='lat' dir='ltr'><strong>doctri·</strong></span> 
     </span>
     <span class='ocr_line' id='line_1_29' title="bbox 268 3405 1359 3504; baseline 0.001 -24"><span class='ocrx_word' id='word_1_197' title='bbox 268 3419 414 3482; x_wconf 88' lang='lat' dir='ltr'><strong>namet</strong></span> <span class='ocrx_word' id='word_1_198' title='bbox 437 3407 635 3498; x_wconf 89' lang='lat' dir='ltr'><strong>rationem,</strong></span> <span class='ocrx_word' id='word_1_199' title='bbox 666 3431 761 3504; x_wconf 91' lang='lat' dir='ltr'><strong>quae</strong></span> <span class='ocrx_word' id='word_1_200' title='bbox 789 3433 875 3480; x_wconf 91' lang='lat' dir='ltr'><strong>cum</strong></span> <span class='ocrx_word' id='word_1_201' title='bbox 899 3421 1106 3504; x_wconf 89' lang='lat' dir='ltr'><strong>temporum</strong></span> <span class='ocrx_word' id='word_1_202' title='bbox 1135 3405 1262 3482; x_wconf 90' lang='lat' dir='ltr'><strong>ordine</strong></span> <span class='ocrx_word' id='word_1_203' title='bbox 1289 3432 1359 3481; x_wconf 90' lang='lat' dir='ltr'><strong>re-</strong></span> 
     </span>
     <span class='ocr_line' id='line_1_30' title="bbox 267 3512 1355 3613; baseline -0.002 -27"><span class='ocrx_word' id='word_1_204' title='bbox 267 3539 425 3613; x_wconf 91' lang='lat' dir='ltr'><strong>rumque</strong></span> <span class='ocrx_word' id='word_1_205' title='bbox 454 3512 785 3610; x_wconf 84' lang='lat' dir='ltr'><strong>opportunitatibus</strong></span> <span class='ocrx_word' id='word_1_206' title='bbox 817 3513 1010 3588; x_wconf 87' lang='lat' dir='ltr'><strong>arctissime</strong></span> <span class='ocrx_word' id='word_1_207' title='bbox 1044 3516 1237 3610; x_wconf 86' lang='lat' dir='ltr'><strong>conjuucta</strong></span> <span class='ocrx_word' id='word_1_208' title='bbox 1271 3527 1355 3606; x_wconf 90' lang='lat' dir='ltr'><strong>est,</strong></span> 
     </span>
     <span class='ocr_line' id='line_1_31' title="bbox 269 3621 529 3722; baseline -0.023 -25"><span class='ocrx_word' id='word_1_209' title='bbox 269 3621 529 3722; x_wconf 84' lang='lat' dir='ltr'><strong>explicandam.</strong></span> 
     </span>
    </p>
   </div>
   <div class='ocr_carea' id='block_1_3' title="bbox 697 3784 845 3866">
    <p class='ocr_par' dir='ltr' id='par_1_4' title="bbox 697 3784 845 3866">
     <span class='ocr_line' id='line_1_32' title="bbox 697 3784 845 3866; baseline -0.007 -19"><span class='ocrx_word' id='word_1_210' title='bbox 697 3803 700 3808; x_wconf 95' lang='lat'>·</span> <span class='ocrx_word' id='word_1_211' title='bbox 773 3784 845 3866; x_wconf 68' lang='lat' dir='ltr'><strong>gs.</strong></span> 
     </span>
    </p>
   </div>
   <div class='ocr_carea' id='block_1_4' title="bbox 266 3943 1352 4156">
    <p class='ocr_par' dir='ltr' id='par_1_5' title="bbox 266 3943 1352 4156">
     <span class='ocr_line' id='line_1_33' title="bbox 316 3943 1352 4049; baseline -0.006 -29"><span class='ocrx_word' id='word_1_212' title='bbox 316 3950 370 4024; x_wconf 91' lang='lat' dir='ltr'><strong>De</strong></span> <span class='ocrx_word' id='word_1_213' title='bbox 395 3951 466 4024; x_wconf 89' lang='lat' dir='ltr'><strong>vita</strong></span> <span class='ocrx_word' id='word_1_214' title='bbox 493 3961 617 4024; x_wconf 89' lang='lat' dir='ltr'><strong>autern</strong></span> <span class='ocrx_word' id='word_1_215' title='bbox 639 3949 821 4049; x_wconf 89' lang='lat' dir='ltr'><strong>rebusque</strong></span> <span class='ocrx_word' id='word_1_216' title='bbox 845 3949 926 4042; x_wconf 84' lang='lat' dir='ltr'><strong>ejus</strong></span> <span class='ocrx_word' id='word_1_217' title='bbox 947 3972 1021 4020; x_wconf 91' lang='lat' dir='ltr'><strong>non</strong></span> <span class='ocrx_word' id='word_1_218' title='bbox 1046 3943 1114 4020; x_wconf 87' lang='lat' dir='ltr'><strong>nisi</strong></span> <span class='ocrx_word' id='word_1_219' title='bbox 1130 3971 1244 4044; x_wconf 86' lang='lat' dir='ltr'><strong>pauca</strong></span> <span class='ocrx_word' id='word_1_220' title='bbox 1261 3957 1352 4018; x_wconf 84' lang='lat' dir='ltr'><strong>sunt</strong></span> 
     </span>
     <span class='ocr_line' id='line_1_34' title="bbox 266 4051 1351 4156; baseline -0.007 -22"><span class='ocrx_word' id='word_1_221' title='bbox 266 4057 460 4134; x_wconf 87' lang='lat' dir='ltr'><strong>memoriae</strong></span> <span class='ocrx_word' id='word_1_222' title='bbox 488 4057 638 4156; x_wconf 89' lang='lat' dir='ltr'><strong>prodita.</strong></span> <span class='ocrx_word' id='word_1_223' title='bbox 664 4058 799 4148; x_wconf 87' lang='lat' dir='ltr'><strong>Natus,</strong></span> <span class='ocrx_word' id='word_1_224' title='bbox 830 4067 874 4127; x_wconf 92' lang='lat' dir='ltr'><strong>ut</strong></span> <span class='ocrx_word' id='word_1_225' title='bbox 905 4053 1085 4147; x_wconf 77' lang='lat' dir='ltr'><strong>diximus,</strong></span> <span class='ocrx_word' id='word_1_226' title='bbox 1116 4051 1351 4150; x_wconf 87' lang='lat' dir='ltr'><strong>Colophone,</strong></span> 
     </span>
    </p>
   </div>
   <div class='ocr_carea' id='block_1_5' title="bbox 0 0 1440 4824">
    <p class='ocr_par' dir='ltr' id='par_1_6' title="bbox 0 0 1440 4824">
     <span class='ocr_line' id='line_1_35' title="bbox 0 0 1440 4824; baseline 0 1"><span class='ocrx_word' id='word_1_227' title='bbox 0 0 1440 4824; x_wconf 95' lang='lat' dir='ltr'><strong> </strong></span> 
     </span>
    </p>
   </div>
  </div>
 </body>
</html>
