2924 4820
503 353 717 402 rmnosornu.
1080 337 1144 402 rto

132 507 181 580 lle
207 505 347 579 telluris
367 515 491 578 autem
512 503 751 602 amplitudine
767 504 817 580 sie
841 505 1029 582 credidisse
1047 507 1143 582 vide

90 627 160 704 tur,
174 625 285 686 rastas
296 638 368 686 esse
381 611 640 712 immensasque
656 625 831 685 terrarum
843 612 960 712 plagas
973 641 991 686 a
1005 639 1042 690 se
1054 615 1146 688 invi-

88 748 156 796 cem
180 721 311 793 finibus
336 732 373 794 et
400 723 572 818 temperie
598 719 787 812 discretas,
811 745 967 819 quarum
989 721 1146 796 nonnul-

87 828 135 900 lae
160 827 204 900 ab
227 826 432 899 hominibus
457 851 528 898 non
555 825 759 900 incolantur
786 824 821 897 ³⁵.

131 935 175 1006 Ut
188 947 318 1006 terram
331 932 457 1004 subtus
469 933 662 1023 infinitam,
677 933 726 1004 sic
739 945 949 1031 superterra
964 931 1146 1006 aetherem

16 1089 17 1094 ι
86 1041 149 1113 sive
176 1037 316 1110 coelum
347 1039 432 1112 item
464 1039 645 1108 inlinitum
667 1037 781 1129 dixit,
818 1051 861 1110 ut
893 1038 1100 1112 Aristoteles
1122 1037 1147 1076 ³⁶

16 1183 17 1190 ν
85 1159 247 1219 memorat
276 1159 313 1220 et
340 1145 562 1243 Empedoclis
590 1171 740 1240 remus,
776 1147 908 1244 quibus
940 1147 1038 1220 illius
1072 1148 1146 1267 opi-

84 1256 218 1326 nionem
248 1252 477 1350 perstringit,
509 1252 739 1349 significant:
767 1252 825 1326 hic
848 1255 946 1326 enirn
973 1253 1126 1325 ambo
1101 1279 1145 1324 st

16 1359 154 1430 ιιιιιΙ
185 1371 358 1430 memorat
390 1373 427 1432 et
458 1357 614 1450 refellit
649 1369 783 1456 ἀπείρονα
821 1379 873 1456 γῆς
904 1389 936 1430 τε
976 1363 1065 1447 βάθη
1099 1364 1149 1429 καὶ

81 1461 190 1551 dudd&
215 1464 320 1578 αἰθήρ.
346 1455 451 1550 Quod
474 1469 596 1528 autem
618 1457 665 1528 ita
690 1462 790 1554 quasi
812 1461 885 1530 duo
904 1459 1041 1530 infinita
1063 1457 1147 1576 poni

16 1564 289 1651 ridentur,
280 1589 318 1634 ιιι
340 1589 381 1634 eo
403 1589 475 1634 non
495 1559 717 1635 haerendum
736 1575 816 1634 est:
843 1565 1026 1635 inlinitum
1048 1564 1146 1635 enim

16 1699 17 1702 ¹
83 1667 132 1741 hie
153 1667 326 1766 appellari
352 1683 448 1765 patet
478 1695 552 1740 ιιοιι
575 1669 701 1742 subtili
727 1671 891 1758 ratione,
916 1669 978 1742 sed
1007 1669 1146 1769 vulgari

83 1802 194 1868 sensu,
212 1777 250 1848 id
268 1778 363 1874 quod
381 1776 518 1848 nullius
539 1779 591 1851 rei
613 1778 774 1849 terminis
797 1791 961 1875 saeptum
981 1777 1147 1850 latissime

84 1897 201 1980 pateat.
223 1883 300 1956 Hoc
318 1909 402 1982 ergo
423 1884 590 1960 subtilius
606 1885 918 1982 interpretandum
937 1911 1009 1958 non
1031 1898 1093 1958 est.
1111 1884 1145 1956 ³⁷.

571 2179 646 2262 §a

123 2451 174 2523 lle
192 2449 306 2540 mari,
324 2471 434 2548 quem
453 2450 567 2522 omnis
584 2450 718 2522 fontem
740 2450 900 2522 humoris
916 2448 1025 2535 dixit,
1043 2447 1147 2522 modo

81 2557 228 2628 vidimus
253 2581 338 2628 curn
360 2556 409 2628 sic
427 2557 642 2654 praedicasse
664 2584 671 2628 :
693 2559 867 2654 principio
885 2579 1004 2627 rerum
1022 2555 1146 2628 flucti-

83 2663 141 2735 bus
158 2663 336 2736 inundata
356 2663 461 2735 fuisse
473 2667 607 2754 omnia,
627 2665 756 2737 deinde
770 2677 890 2736 autern
905 2662 1147 2736 defluentibus

83 2777 174 2870 aquis
200 2786 368 2845 terrama
387 2773 476 2844 mari
495 2773 680 2846 discretam
703 2799 786 2846 esse.
812 2774 886 2845 Hoc
908 2785 1046 2846 terrena
1064 2799 1147 2844 con-

81 2881 259 2972 junctione
297 2879 430 2950 sactum
457 2881 619 2976 putavit,
651 2891 694 2952 ut
731 2904 822 2976 aqua
850 2880 985 2950 marina
1008 2878 1148 2951 salsiore

83 2997 162 3056 esset
186 3009 319 3082 sapore.
341 2983 394 3058 De
412 3009 483 3082 quo
507 2987 555 3058 sic
581 2985 689 3058 refert
711 2985 880 3085 Origenes
898 3012 932 3082 p.
947 3009 996 3082 99
1025 3012 1032 3056 :
1059 2983 1149 3064 Οὗτος

82 3091 118 3186 (ὁ
148 3091 339 3191 Ξενοφάνης)
367 3102 418 3176 τὴν
445 3097 602 3165 θαλάσσιον
635 3097 766 3191 ἁλμυρὰν
797 3094 880 3192 ἔφη,
911 3095 960 3164 διὰ
990 3098 1021 3163 τὸ
1056 3097 1147 3164 πολλοὶ

116 3357 178 3438 (35)
200 3355 235 3415 ln
253 3353 365 3416 Stobaei
384 3356 463 3430 loco,
485 3357 531 3434 qui
552 3355 624 3416 inira
644 3353 815 3430 laudabitur,
834 3351 1072 3414 memorantem*
1088 3349 1151 3412 nal-

19 3463 20 3504 l
82 3475 153 3522 μονον
170 3459 221 3515 riis
243 3455 296 3519 γῆς
315 3446 361 3508 sul
378 3447 518 3524 iaecrrpael
539 3447 586 3508 sal
608 3445 703 3524 ζοῖοοοις
719 3457 779 3506 lum
792 3449 874 3505 etiarn
889 3469 930 3506 τον
946 3439 1076 3522 increpari
1098 3454 1148 3511 τῆς

82 3550 127 3609 γῆς
146 3541 193 3600 οοόι
214 3536 340 3614 οἷονμοόο
360 3539 408 3614 ἐφ’
424 3539 505 3614 ipat.
523 3539 588 3598 Vox
607 3536 737 3616 οἱποοομοὶ
760 3537 895 3618 significat
918 3537 1148 3608 abscissionem

83 3629 176 3688 deinde
192 3651 294 3702 oram,
314 3633 490 3700 terminum,
502 3641 533 3686 ut
545 3629 619 3710 apud
638 3629 781 3688 Timaeum
796 3628 877 3686 Locr.
890 3645 919 3706 p.
931 3625 1009 3702 5525
1023 3622 1068 3682 ed.
1084 3623 1149 3684 Gal.

83 3717 127 3777 ior
142 3719 205 3778 loco
218 3731 308 3777 terrae
323 3721 451 3800 plagam
472 3730 560 3777 notat.

118 3831 179 3908 (36)
197 3829 239 3892 De
263 3829 393 3913 Xenopb.
418 3831 483 3893 Zen.
509 3833 596 3912 Gorg.
619 3852 644 3890 c.
665 3831 709 3905 11,
737 3851 765 3910 p.
788 3826 844 3912 941
869 3825 904 3888 Ε.
931 3843 959 3888 1.
985 3825 1095 3912 darno
1115 3826 1148 3890 π’

84 3949 109 3982 rr
127 3925 216 3996 ῥέθος
236 3933 286 3992 τοῖς
305 3934 358 3996 γῆν·
378 3923 424 3985 sal
444 3935 492 3986 ccii
515 3923 591 4005 rr'r'por
610 3921 689 3998 dcclv
710 3917 781 3984 elva«.

118 4038 181 4119 (37)
202 4039 242 4100 Ut
262 4052 358 4100 monet
377 4039 475 4100 Victor
495 4041 597 4100 Cousin
620 4038 669 4100 tl.
693 4059 721 4120 p.
744 4037 793 4098 50.
