<?xml version="1.0" encoding="UTF-8"?>
<!DOCTYPE html PUBLIC "-//W3C//DTD XHTML 1.0 Transitional//EN"
    "http://www.w3.org/TR/xhtml1/DTD/xhtml1-transitional.dtd">
<html xmlns="http://www.w3.org/1999/xhtml" xml:lang="en" lang="en">
 <head>
  <title>
</title>
<meta http-equiv="Content-Type" content="text/html;charset=utf-8" />
  <meta name='ocr-system' content='tesseract 3.04.00' />
  <meta name='ocr-capabilities' content='ocr_page ocr_carea ocr_par ocr_line ocrx_word'/>
</head>
<body>
  <div class='ocr_page' id='page_1' title='image "./philosophorumgr01xenogoog_0531.png"; bbox 0 0 2942 4830; ppageno 0'>
   <div class='ocr_carea' id='block_1_1' title="bbox 559 381 1257 445">
    <p class='ocr_par' dir='ltr' id='par_1_1' title="bbox 559 381 1257 445">
     <span class='ocr_line' id='line_1_1' title="bbox 559 381 1257 445; baseline 0.003 -2"><span class='ocrx_word' id='word_1_1' title='bbox 559 397 798 444; x_wconf 74' lang='lat' dir='ltr'>rennosorura.</span> <span class='ocrx_word' id='word_1_2' title='bbox 1147 381 1210 444; x_wconf 82' lang='lat'>267</span> <span class='ocrx_word' id='word_1_3' title='bbox 1254 437 1257 445; x_wconf 94' lang='lat'><em>.</em></span> 
     </span>
    </p>
   </div>
   <div class='ocr_carea' id='block_1_2' title="bbox 137 555 1212 2354">
    <p class='ocr_par' dir='ltr' id='par_1_2' title="bbox 138 555 1212 1752">
     <span class='ocr_line' id='line_1_2' title="bbox 141 555 1211 660; baseline -0.001 -26"><span class='ocrx_word' id='word_1_4' title='bbox 141 562 260 658; x_wconf 86' lang='lat' dir='ltr'>peric,</span> <span class='ocrx_word' id='word_1_5' title='bbox 277 573 320 635; x_wconf 92' lang='lat' dir='ltr'>ut</span> <span class='ocrx_word' id='word_1_6' title='bbox 346 587 501 660; x_wconf 85' lang='lat' dir='ltr'>corporo,</span> <span class='ocrx_word' id='word_1_7' title='bbox 526 561 574 634; x_wconf 85' lang='lat' dir='ltr'>sic</span> <span class='ocrx_word' id='word_1_8' title='bbox 595 563 728 635; x_wconf 78' lang='lat' dir='ltr'>animos</span> <span class='ocrx_word' id='word_1_9' title='bbox 748 555 895 660; x_wconf 67' lang='lat' dir='ltr'>q&#39;uoque</span> <span class='ocrx_word' id='word_1_10' title='bbox 917 560 1048 636; x_wconf 86' lang='lat' dir='ltr'>mutari</span> <span class='ocrx_word' id='word_1_11' title='bbox 1071 571 1149 654; x_wconf 79' lang='lat'>¹³⁴3</span> <span class='ocrx_word' id='word_1_12' title='bbox 1173 562 1211 633; x_wconf 81' lang='lat' dir='ltr'>i&#39;n</span> 
     </span>
     <span class='ocr_line' id='line_1_3' title="bbox 141 680 1212 782; baseline 0 -26"><span class='ocrx_word' id='word_1_13' title='bbox 141 681 275 782; x_wconf 86' lang='lat' dir='ltr'>quihus</span> <span class='ocrx_word' id='word_1_14' title='bbox 292 683 374 782; x_wconf 87' lang='lat' dir='ltr'>plus</span> <span class='ocrx_word' id='word_1_15' title='bbox 389 680 491 755; x_wconf 88' lang='lat' dir='ltr'>calidi</span> <span class='ocrx_word' id='word_1_16' title='bbox 514 683 573 775; x_wconf 89' lang='lat' dir='ltr'>sit,</span> <span class='ocrx_word' id='word_1_17' title='bbox 603 707 665 758; x_wconf 87' lang='lat' dir='ltr'>eos</span> <span class='ocrx_word' id='word_1_18' title='bbox 686 707 761 756; x_wconf 86' lang='lat' dir='ltr'>esse</span> <span class='ocrx_word' id='word_1_19' title='bbox 781 683 930 754; x_wconf 79' lang='lat' dir='ltr'><strong>acriores</strong></span> <span class='ocrx_word' id='word_1_20' title='bbox 950 695 987 754; x_wconf 88' lang='lat' dir='ltr'>et</span> <span class='ocrx_word' id='word_1_21' title='bbox 1012 681 1212 774; x_wconf 79' lang='lat' dir='ltr'>celeriores,</span> 
     </span>
     <span class='ocr_line' id='line_1_4' title="bbox 141 800 1212 904; baseline 0.001 -29"><span class='ocrx_word' id='word_1_22' title='bbox 141 803 180 877; x_wconf 91' lang='lat' dir='ltr'>in</span> <span class='ocrx_word' id='word_1_23' title='bbox 205 800 339 904; x_wconf 87' lang='lat' dir='ltr'>quihus</span> <span class='ocrx_word' id='word_1_24' title='bbox 360 803 441 904; x_wconf 89' lang='lat' dir='ltr'>plus</span> <span class='ocrx_word' id='word_1_25' title='bbox 460 803 595 904; x_wconf 83' lang='lat' dir='ltr'>frigidi,</span> <span class='ocrx_word' id='word_1_26' title='bbox 617 801 811 878; x_wconf 80' lang='lat' dir='ltr'>hebetiores</span> <span class='ocrx_word' id='word_1_27' title='bbox 829 817 866 876; x_wconf 91' lang='lat' dir='ltr'>et</span> <span class='ocrx_word' id='word_1_28' title='bbox 881 801 1069 895; x_wconf 82' lang='lat' dir='ltr'>tardiores3</span> <span class='ocrx_word' id='word_1_29' title='bbox 1089 827 1212 876; x_wconf 85' lang='lat' dir='ltr'>omnes</span> 
     </span>
     <span class='ocr_line' id='line_1_5' title="bbox 140 921 1212 1025; baseline -0.003 -27"><span class='ocrx_word' id='word_1_30' title='bbox 140 939 262 999; x_wconf 86' lang='lat' dir='ltr'>tamen</span> <span class='ocrx_word' id='word_1_31' title='bbox 283 923 402 1025; x_wconf 86' lang='lat' dir='ltr'>aliqua</span> <span class='ocrx_word' id='word_1_32' title='bbox 422 925 594 1024; x_wconf 82' lang='lat' dir='ltr'>temperie</span> <span class='ocrx_word' id='word_1_33' title='bbox 613 922 772 1022; x_wconf 84' lang='lat' dir='ltr'>indigere</span> <span class='ocrx_word' id='word_1_34' title='bbox 788 930 866 996; x_wconf 80' lang='lat'>¹³⁵.</span> <span class='ocrx_word' id='word_1_35' title='bbox 916 923 1025 996; x_wconf 93' lang='lat' dir='ltr'>Porro</span> <span class='ocrx_word' id='word_1_36' title='bbox 1047 921 1212 997; x_wconf 89' lang='lat' dir='ltr'>elemen-</span> 
     </span>
     <span class='ocr_line' id='line_1_6' title="bbox 140 1043 1211 1144; baseline -0.003 -26"><span class='ocrx_word' id='word_1_37' title='bbox 140 1060 261 1121; x_wconf 92' lang='lat' dir='ltr'>torum</span> <span class='ocrx_word' id='word_1_38' title='bbox 283 1043 387 1120; x_wconf 85' lang='lat' dir='ltr'>fluxu</span> <span class='ocrx_word' id='word_1_39' title='bbox 409 1059 445 1119; x_wconf 87' lang='lat' dir='ltr'>et</span> <span class='ocrx_word' id='word_1_40' title='bbox 467 1045 707 1128; x_wconf 79' lang='lat' dir='ltr'>vicissitudine</span> <span class='ocrx_word' id='word_1_41' title='bbox 728 1057 772 1117; x_wconf 91' lang='lat' dir='ltr'>ut</span> <span class='ocrx_word' id='word_1_42' title='bbox 793 1070 983 1144; x_wconf 89' lang='lat' dir='ltr'>corporum</span> <span class='ocrx_word' id='word_1_43' title='bbox 1001 1043 1053 1117; x_wconf 88' lang='lat' dir='ltr'>sio</span> <span class='ocrx_word' id='word_1_44' title='bbox 1070 1044 1211 1116; x_wconf 85' lang='lat' dir='ltr'>animo-</span> 
     </span>
     <span class='ocr_line' id='line_1_7' title="bbox 140 1163 1211 1267; baseline 0.003 -31"><span class='ocrx_word' id='word_1_45' title='bbox 140 1191 225 1240; x_wconf 87' lang='lat' dir='ltr'>rum</span> <span class='ocrx_word' id='word_1_46' title='bbox 251 1191 397 1267; x_wconf 90' lang='lat' dir='ltr'>quoque</span> <span class='ocrx_word' id='word_1_47' title='bbox 430 1164 630 1240; x_wconf 77' lang='lat' dir='ltr'>affectiones</span> <span class='ocrx_word' id='word_1_48' title='bbox 659 1182 695 1240; x_wconf 90' lang='lat' dir='ltr'>ct</span> <span class='ocrx_word' id='word_1_49' title='bbox 723 1181 839 1241; x_wconf 88' lang='lat' dir='ltr'>motus</span> <span class='ocrx_word' id='word_1_50' title='bbox 868 1167 1050 1240; x_wconf 76' lang='lat' dir='ltr'>exsistere:</span> <span class='ocrx_word' id='word_1_51' title='bbox 1081 1163 1211 1265; x_wconf 84' lang='lat' dir='ltr'>frigore</span> 
     </span>
     <span class='ocr_line' id='line_1_8' title="bbox 139 1277 1212 1386; baseline -0.003 -25"><span class='ocrx_word' id='word_1_52' title='bbox 139 1287 452 1386; x_wconf 83' lang='lat' dir='ltr'>oblivionempari,</span> <span class='ocrx_word' id='word_1_53' title='bbox 473 1288 586 1362; x_wconf 85' lang='lat' dir='ltr'>calore</span> <span class='ocrx_word' id='word_1_54' title='bbox 598 1291 803 1364; x_wconf 82' lang='lat' dir='ltr'>memoriam</span> <span class='ocrx_word' id='word_1_55' title='bbox 815 1277 895 1361; x_wconf 82' lang='lat' dir='ltr'>acui</span> <span class='ocrx_word' id='word_1_56' title='bbox 909 1288 987 1376; x_wconf 55' lang='grc' dir='ltr'>Μ.</span> <span class='ocrx_word' id='word_1_57' title='bbox 1036 1286 1212 1384; x_wconf 84' lang='lat' dir='ltr'>Sicanimi</span> 
     </span>
     <span class='ocr_line' id='line_1_9' title="bbox 139 1406 1212 1509; baseline -0.002 -29"><span class='ocrx_word' id='word_1_58' title='bbox 139 1423 372 1482; x_wconf 80' lang='lat' dir='ltr'>naturarum</span> <span class='ocrx_word' id='word_1_59' title='bbox 396 1433 541 1508; x_wconf 90' lang='lat' dir='ltr'>corpore</span> <span class='ocrx_word' id='word_1_60' title='bbox 558 1409 663 1509; x_wconf 90' lang='lat' dir='ltr'>plane</span> <span class='ocrx_word' id='word_1_61' title='bbox 680 1406 857 1500; x_wconf 77' lang='lat' dir='ltr'>cohaeret,</span> <span class='ocrx_word' id='word_1_62' title='bbox 879 1406 1046 1509; x_wconf 82' lang='lat' dir='ltr'>illiusque</span> <span class='ocrx_word' id='word_1_63' title='bbox 1070 1409 1124 1484; x_wconf 85' lang='lat' dir='ltr'>vis</span> <span class='ocrx_word' id='word_1_64' title='bbox 1146 1431 1212 1506; x_wconf 88' lang='lat' dir='ltr'>per</span> 
     </span>
     <span class='ocr_line' id='line_1_10' title="bbox 138 1528 1211 1636; baseline 0 -34"><span class='ocrx_word' id='word_1_65' title='bbox 138 1530 258 1603; x_wconf 86' lang='lat' dir='ltr'>omnia</span> <span class='ocrx_word' id='word_1_66' title='bbox 269 1528 475 1636; x_wconf 36' lang='lat' dir='ltr'>membra-et</span> <span class='ocrx_word' id='word_1_67' title='bbox 488 1546 587 1606; x_wconf 87' lang='lat' dir='ltr'>artus</span> <span class='ocrx_word' id='word_1_68' title='bbox 597 1531 723 1604; x_wconf 87' lang='lat' dir='ltr'>diffusa</span> <span class='ocrx_word' id='word_1_69' title='bbox 738 1541 812 1622; x_wconf 87' lang='lat' dir='ltr'>est,</span> <span class='ocrx_word' id='word_1_70' title='bbox 828 1529 1018 1628; x_wconf 84' lang='lat' dir='ltr'>praecipue</span> <span class='ocrx_word' id='word_1_71' title='bbox 1034 1543 1154 1603; x_wconf 83' lang='lat' dir='ltr'>tamen</span> <span class='ocrx_word' id='word_1_72' title='bbox 1172 1529 1211 1602; x_wconf 87' lang='lat' dir='ltr'>in</span> 
     </span>
     <span class='ocr_line' id='line_1_11' title="bbox 139 1655 849 1752; baseline -0.001 -28"><span class='ocrx_word' id='word_1_73' title='bbox 139 1665 281 1748; x_wconf 85' lang='lat' dir='ltr'>pectore</span> <span class='ocrx_word' id='word_1_74' title='bbox 307 1655 403 1752; x_wconf 88' lang='lat' dir='ltr'>viget</span> <span class='ocrx_word' id='word_1_75' title='bbox 418 1663 431 1698; x_wconf 82' lang='lat'><em>¹</em></span> <span class='ocrx_word' id='word_1_76' title='bbox 442 1659 498 1724; x_wconf 77' lang='lat'>³⁷.</span> <span class='ocrx_word' id='word_1_77' title='bbox 847 1727 849 1734; x_wconf 68' lang='grc'>,</span> 
     </span>
    </p>

    <p class='ocr_par' dir='ltr' id='par_1_3' title="bbox 137 1769 1212 2354">
     <span class='ocr_line' id='line_1_12' title="bbox 188 1769 1212 1874; baseline 0.002 -30"><span class='ocrx_word' id='word_1_78' title='bbox 188 1772 318 1848; x_wconf 87' lang='lat' dir='ltr'>Placita</span> <span class='ocrx_word' id='word_1_79' title='bbox 340 1773 426 1848; x_wconf 87' lang='lat' dir='ltr'>hacc</span> <span class='ocrx_word' id='word_1_80' title='bbox 449 1783 654 1872; x_wconf 83' lang='lat' dir='ltr'>congruunt</span> <span class='ocrx_word' id='word_1_81' title='bbox 673 1795 757 1843; x_wconf 90' lang='lat' dir='ltr'>cum</span> <span class='ocrx_word' id='word_1_82' title='bbox 776 1769 1032 1872; x_wconf 89' lang='lat' dir='ltr'>plerorumque</span> <span class='ocrx_word' id='word_1_83' title='bbox 1053 1771 1212 1874; x_wconf 78' lang='lat' dir='ltr'>physico·</span> 
     </span>
     <span class='ocr_line' id='line_1_13' title="bbox 138 1889 1212 1992; baseline -0.002 -26"><span class='ocrx_word' id='word_1_84' title='bbox 138 1920 224 1968; x_wconf 91' lang='lat' dir='ltr'>rum</span> <span class='ocrx_word' id='word_1_85' title='bbox 253 1897 446 1986; x_wconf 82' lang='lat' dir='ltr'>sententia,</span> <span class='ocrx_word' id='word_1_86' title='bbox 477 1892 707 1992; x_wconf 86' lang='lat' dir='ltr'>putantium,</span> <span class='ocrx_word' id='word_1_87' title='bbox 736 1889 887 1962; x_wconf 85' lang='lat' dir='ltr'>eandem</span> <span class='ocrx_word' id='word_1_88' title='bbox 908 1915 982 1964; x_wconf 88' lang='lat' dir='ltr'>esse</span> <span class='ocrx_word' id='word_1_89' title='bbox 1004 1890 1212 1982; x_wconf 87' lang='lat' dir='ltr'>hominum,</span> 
     </span>
     <span class='ocr_line' id='line_1_14' title="bbox 138 2010 1212 2115; baseline -0.006 -25"><span class='ocrx_word' id='word_1_90' title='bbox 138 2031 212 2090; x_wconf 84' lang='lat' dir='ltr'>tam</span> <span class='ocrx_word' id='word_1_91' title='bbox 222 2042 411 2115; x_wconf 88' lang='lat' dir='ltr'>corporum</span> <span class='ocrx_word' id='word_1_92' title='bbox 426 2040 537 2115; x_wconf 88' lang='lat' dir='ltr'>quam</span> <span class='ocrx_word' id='word_1_93' title='bbox 554 2013 772 2102; x_wconf 90' lang='lat' dir='ltr'>animorum,</span> <span class='ocrx_word' id='word_1_94' title='bbox 789 2023 898 2108; x_wconf 86' lang='lat' dir='ltr'>atque</span> <span class='ocrx_word' id='word_1_95' title='bbox 910 2011 1067 2086; x_wconf 84' lang='lat' dir='ltr'>universi</span> <span class='ocrx_word' id='word_1_96' title='bbox 1083 2010 1212 2084; x_wconf 86' lang='lat' dir='ltr'>mundi</span> 
     </span>
     <span class='ocr_line' id='line_1_15' title="bbox 137 2130 1212 2229; baseline -0.007 -15"><span class='ocrx_word' id='word_1_97' title='bbox 137 2139 213 2219; x_wconf 83' lang='lat' dir='ltr'>vim</span> <span class='ocrx_word' id='word_1_98' title='bbox 233 2151 269 2214; x_wconf 89' lang='lat' dir='ltr'>ct</span> <span class='ocrx_word' id='word_1_99' title='bbox 291 2151 455 2216; x_wconf 80' lang='lat' dir='ltr'>naturam</span> <span class='ocrx_word' id='word_1_100' title='bbox 471 2138 550 2207; x_wconf 78' lang='lat'>²³⁸.</span> <span class='ocrx_word' id='word_1_101' title='bbox 592 2130 701 2205; x_wconf 89' lang='lat' dir='ltr'>Unde</span> <span class='ocrx_word' id='word_1_102' title='bbox 717 2135 822 2206; x_wconf 85' lang='lat' dir='ltr'>etiam</span> <span class='ocrx_word' id='word_1_103' title='bbox 839 2157 963 2208; x_wconf 88' lang='lat' dir='ltr'>rerum</span> <span class='ocrx_word' id='word_1_104' title='bbox 976 2131 1212 2229; x_wconf 87' lang='lat' dir='ltr'>cognitionem</span> 
     </span>
     <span class='ocr_line' id='line_1_16' title="bbox 139 2251 1210 2354; baseline -0.007 -21"><span class='ocrx_word' id='word_1_105' title='bbox 139 2273 175 2334; x_wconf 88' lang='lat' dir='ltr'>et</span> <span class='ocrx_word' id='word_1_106' title='bbox 189 2258 411 2333; x_wconf 88' lang='lat' dir='ltr'>intellectum</span> <span class='ocrx_word' id='word_1_107' title='bbox 429 2251 665 2354; x_wconf 77' lang='lat' dir='ltr'>explicabant,</span> <span class='ocrx_word' id='word_1_108' title='bbox 682 2265 893 2346; x_wconf 79' lang='lat' dir='ltr'>statuentes,</span> <span class='ocrx_word' id='word_1_109' title='bbox 910 2253 1073 2328; x_wconf 85' lang='lat' dir='ltr'>similia</span> <span class='ocrx_word' id='word_1_110' title='bbox 1091 2255 1210 2326; x_wconf 88' lang='lat' dir='ltr'>simi-</span> 
     </span>
    </p>
   </div>
   <div class='ocr_carea' id='block_1_3' title="bbox 138 2359 1221 2604">
    <p class='ocr_par' dir='ltr' id='par_1_4' title="bbox 138 2359 1221 2604">
     <span class='ocr_line' id='line_1_17' title="bbox 138 2359 1211 2479; baseline -0.007 -25"><span class='ocrx_word' id='word_1_111' title='bbox 138 2381 261 2454; x_wconf 91' lang='lat' dir='ltr'>libus</span> <span class='ocrx_word' id='word_1_112' title='bbox 280 2376 504 2479; x_wconf 76' lang='lat' dir='ltr'>cognosci,</span> <span class='ocrx_word' id='word_1_113' title='bbox 528 2373 595 2448; x_wconf 90' lang='lat' dir='ltr'>hoc</span> <span class='ocrx_word' id='word_1_114' title='bbox 614 2387 682 2448; x_wconf 89' lang='lat' dir='ltr'>est:</span> <span class='ocrx_word' id='word_1_115' title='bbox 716 2399 780 2468; x_wconf 89' lang='lat' dir='ltr'>co,</span> <span class='ocrx_word' id='word_1_116' title='bbox 802 2375 898 2474; x_wconf 91' lang='lat' dir='ltr'>quod</span> <span class='ocrx_word' id='word_1_117' title='bbox 924 2377 1065 2450; x_wconf 83' lang='lat' dir='ltr'>animus</span> <span class='ocrx_word' id='word_1_118' title='bbox 1086 2359 1211 2450; x_wconf 85' lang='lat' dir='ltr'>iisdem</span> 
     </span>
     <span class='ocr_line' id='line_1_18' title="bbox 138 2489 1221 2604; baseline -0.007 -28"><span class='ocrx_word' id='word_1_119' title='bbox 138 2503 272 2604; x_wconf 85' lang='lat' dir='ltr'>quibus</span> <span class='ocrx_word' id='word_1_120' title='bbox 288 2503 479 2577; x_wconf 84' lang='lat' dir='ltr'>universus</span> <span class='ocrx_word' id='word_1_121' title='bbox 498 2495 658 2572; x_wconf 88' lang='lat' dir='ltr'>mundus</span> <span class='ocrx_word' id='word_1_122' title='bbox 677 2508 812 2570; x_wconf 87' lang='lat' dir='ltr'>constet</span> <span class='ocrx_word' id='word_1_123' title='bbox 833 2521 958 2570; x_wconf 89' lang='lat' dir='ltr'>rerum</span> <span class='ocrx_word' id='word_1_124' title='bbox 978 2497 1103 2591; x_wconf 87' lang='lat' dir='ltr'>initiis,</span> <span class='ocrx_word' id='word_1_125' title='bbox 1120 2489 1221 2570; x_wconf 82' lang='lat' dir='ltr'>effiei‘</span> 
     </span>
    </p>
   </div>
   <div class='ocr_carea' id='block_1_4' title="bbox 138 2716 1289 4158">
    <p class='ocr_par' dir='ltr' id='par_1_5' title="bbox 138 2716 1211 2968">
     <span class='ocr_line' id='line_1_19' title="bbox 171 2716 1211 2788; baseline 0 -16"><span class='ocrx_word' id='word_1_126' title='bbox 171 2721 246 2788; x_wconf 72' lang='lat' dir='ltr'>(rat)</span> <span class='ocrx_word' id='word_1_127' title='bbox 278 2721 335 2774; x_wconf 75' lang='lat' dir='ltr'>Vid.</span> <span class='ocrx_word' id='word_1_128' title='bbox 344 2738 391 2774; x_wconf 80' lang='lat' dir='ltr'>vro.</span> <span class='ocrx_word' id='word_1_129' title='bbox 401 2719 537 2785; x_wconf 68' lang='lat' dir='ltr'>alh-tlt,</span> <span class='ocrx_word' id='word_1_130' title='bbox 547 2719 617 2770; x_wconf 86' lang='lat' dir='ltr'>citati</span> <span class='ocrx_word' id='word_1_131' title='bbox 626 2735 641 2769; x_wconf 85' lang='lat' dir='ltr'>a</span> <span class='ocrx_word' id='word_1_132' title='bbox 649 2716 825 2787; x_wconf 73' lang='lat' dir='ltr'>Theophrasto</span> <span class='ocrx_word' id='word_1_133' title='bbox 836 2720 863 2769; x_wconf 90' lang='lat' dir='ltr'>ln</span> <span class='ocrx_word' id='word_1_134' title='bbox 872 2719 1036 2787; x_wconf 80' lang='lat' dir='ltr'>physicorum</span> <span class='ocrx_word' id='word_1_135' title='bbox 1046 2719 1137 2786; x_wconf 71' lang='lat' dir='ltr'>fragm.</span> <span class='ocrx_word' id='word_1_136' title='bbox 1147 2737 1166 2772; x_wconf 88' lang='grc' dir='ltr'>ι.</span> <span class='ocrx_word' id='word_1_137' title='bbox 1177 2719 1211 2773; x_wconf 88' lang='lat' dir='ltr'>de</span> 
     </span>
     <span class='ocr_line' id='line_1_20' title="bbox 139 2807 1211 2881; baseline -0.002 -15"><span class='ocrx_word' id='word_1_138' title='bbox 139 2829 225 2880; x_wconf 76' lang='lat' dir='ltr'>aenou,</span> <span class='ocrx_word' id='word_1_139' title='bbox 244 2819 271 2866; x_wconf 84' lang='lat' dir='ltr'>et</span> <span class='ocrx_word' id='word_1_140' title='bbox 284 2823 451 2866; x_wconf 85' lang='lat' dir='ltr'>commentar.</span> <span class='ocrx_word' id='word_1_141' title='bbox 463 2811 490 2864; x_wconf 86' lang='lat' dir='ltr'>h.</span> <span class='ocrx_word' id='word_1_142' title='bbox 502 2811 519 2862; x_wconf 93' lang='lat' dir='ltr'>l.</span> <span class='ocrx_word' id='word_1_143' title='bbox 532 2827 557 2880; x_wconf 91' lang='lat' dir='ltr'>p.</span> <span class='ocrx_word' id='word_1_144' title='bbox 572 2807 618 2861; x_wconf 79' lang='grc'>115</span> <span class='ocrx_word' id='word_1_145' title='bbox 629 2828 669 2881; x_wconf 86' lang='lat' dir='ltr'>sq.</span> <span class='ocrx_word' id='word_1_146' title='bbox 680 2808 795 2862; x_wconf 82' lang='lat' dir='ltr'>Macroh.</span> <span class='ocrx_word' id='word_1_147' title='bbox 808 2811 834 2860; x_wconf 90' lang='lat' dir='ltr'>ln</span> <span class='ocrx_word' id='word_1_148' title='bbox 849 2812 936 2861; x_wconf 88' lang='lat' dir='ltr'>Somn.</span> <span class='ocrx_word' id='word_1_149' title='bbox 947 2809 1012 2879; x_wconf 90' lang='lat' dir='ltr'>Scip.</span> <span class='ocrx_word' id='word_1_150' title='bbox 1024 2813 1045 2874; x_wconf 92' lang='lat'>1,</span> <span class='ocrx_word' id='word_1_151' title='bbox 1062 2809 1106 2863; x_wconf 78' lang='lat'>15:</span> <span class='ocrx_word' id='word_1_152' title='bbox 1127 2811 1211 2864; x_wconf 72' lang='lat' dir='ltr'>rPar·</span> 
     </span>
     <span class='ocr_line' id='line_1_21' title="bbox 138 2898 846 2968; baseline -0.006 -14"><span class='ocrx_word' id='word_1_153' title='bbox 138 2903 253 2956; x_wconf 74' lang='lat' dir='ltr'>menide·</span> <span class='ocrx_word' id='word_1_154' title='bbox 263 2903 386 2968; x_wconf 82' lang='lat' dir='ltr'>(animam</span> <span class='ocrx_word' id='word_1_155' title='bbox 398 2901 463 2954; x_wconf 83' lang='lat' dir='ltr'>dixit</span> <span class='ocrx_word' id='word_1_156' title='bbox 471 2899 589 2964; x_wconf 83' lang='lat' dir='ltr'>mixtam)</span> <span class='ocrx_word' id='word_1_157' title='bbox 599 2913 630 2950; x_wconf 78' lang='lat' dir='ltr'>ex</span> <span class='ocrx_word' id='word_1_158' title='bbox 644 2905 715 2950; x_wconf 83' lang='lat' dir='ltr'>terre</span> <span class='ocrx_word' id='word_1_159' title='bbox 727 2907 755 2950; x_wconf 82' lang='lat' dir='ltr'>et</span> <span class='ocrx_word' id='word_1_160' title='bbox 764 2898 846 2964; x_wconf 78' lang='lat' dir='ltr'>igne.”</span> 
     </span>
    </p>

    <p class='ocr_par' dir='ltr' id='par_1_6' title="bbox 139 2991 1211 3248">
     <span class='ocr_line' id='line_1_22' title="bbox 171 2991 1211 3062; baseline -0.001 -17"><span class='ocrx_word' id='word_1_161' title='bbox 171 2993 245 3062; x_wconf 77' lang='lat'><strong>(135)</strong></span> <span class='ocrx_word' id='word_1_162' title='bbox 277 2991 471 3062; x_wconf 74' lang='lat' dir='ltr'>Theophrastus</span> <span class='ocrx_word' id='word_1_163' title='bbox 488 2991 525 3042; x_wconf 83' lang='lat' dir='ltr'>lh</span> <span class='ocrx_word' id='word_1_164' title='bbox 547 2993 594 3043; x_wconf 72' lang='lat' dir='ltr'>lde</span> <span class='ocrx_word' id='word_1_165' title='bbox 615 2995 667 3061; x_wconf 65' lang='grc' dir='ltr'>γὰρ</span> <span class='ocrx_word' id='word_1_166' title='bbox 689 2991 828 3062; x_wconf 66' lang='grc' dir='ltr'><strong><em>ὑπεραίρῃ</em></strong></span> <span class='ocrx_word' id='word_1_167' title='bbox 844 2994 876 3044; x_wconf 76' lang='grc' dir='ltr'>τὸ</span> <span class='ocrx_word' id='word_1_168' title='bbox 894 2993 1033 3062; x_wconf 73' lang='grc' dir='ltr'><strong><em>θερμόνῆ</em></strong></span> <span class='ocrx_word' id='word_1_169' title='bbox 1051 2995 1083 3044; x_wconf 85' lang='grc' dir='ltr'>τὸ</span> <span class='ocrx_word' id='word_1_170' title='bbox 1095 2994 1211 3061; x_wconf 66' lang='grc' dir='ltr'>ψυχρὸν,</span> 
     </span>
     <span class='ocr_line' id='line_1_23' title="bbox 139 3084 1211 3154; baseline 0.003 -17"><span class='ocrx_word' id='word_1_171' title='bbox 139 3085 226 3153; x_wconf 72' lang='grc' dir='ltr'><strong><em>ἄλλην</em></strong></span> <span class='ocrx_word' id='word_1_172' title='bbox 243 3088 374 3151; x_wconf 67' lang='grc' dir='ltr'>γίνεσθαι</span> <span class='ocrx_word' id='word_1_173' title='bbox 396 3089 448 3152; x_wconf 78' lang='grc' dir='ltr'>τὴν</span> <span class='ocrx_word' id='word_1_174' title='bbox 468 3085 602 3150; x_wconf 70' lang='grc' dir='ltr'>διάνοιαν,</span> <span class='ocrx_word' id='word_1_175' title='bbox 622 3085 727 3148; x_wconf 72' lang='grc' dir='ltr'><strong><em>βελτίω</em></strong></span> <span class='ocrx_word' id='word_1_176' title='bbox 748 3084 781 3137; x_wconf 74' lang='lat' dir='ltr'>dl</span> <span class='ocrx_word' id='word_1_177' title='bbox 802 3088 850 3136; x_wconf 74' lang='lat' dir='ltr'>nol</span> <span class='ocrx_word' id='word_1_178' title='bbox 872 3089 1074 3154; x_wconf 71' lang='grc' dir='ltr'><strong><em>καθαρωτέραν</em></strong></span> <span class='ocrx_word' id='word_1_179' title='bbox 1093 3089 1144 3154; x_wconf 73' lang='grc' dir='ltr'>τὴν</span> <span class='ocrx_word' id='word_1_180' title='bbox 1164 3088 1211 3140; x_wconf 65' lang='grc' dir='ltr'>διὰ</span> 
     </span>
     <span class='ocr_line' id='line_1_24' title="bbox 140 3176 1088 3248; baseline -0.004 -18"><span class='ocrx_word' id='word_1_181' title='bbox 140 3181 173 3230; x_wconf 81' lang='grc' dir='ltr'>τὸ</span> <span class='ocrx_word' id='word_1_182' title='bbox 184 3179 293 3247; x_wconf 72' lang='grc' dir='ltr'><strong><em>θερμόν</em></strong></span> <span class='ocrx_word' id='word_1_183' title='bbox 304 3195 311 3210; x_wconf 89' lang='grc'><em>·</em></span> <span class='ocrx_word' id='word_1_184' title='bbox 324 3177 355 3228; x_wconf 80' lang='lat' dir='ltr'>orl</span> <span class='ocrx_word' id='word_1_185' title='bbox 368 3181 421 3244; x_wconf 70' lang='grc' dir='ltr'>μὴν</span> <span class='ocrx_word' id='word_1_186' title='bbox 433 3176 503 3231; x_wconf 69' lang='grc' dir='ltr'>ἀλλὰ</span> <span class='ocrx_word' id='word_1_187' title='bbox 515 3179 562 3227; x_wconf 75' lang='lat' dir='ltr'>acl</span> <span class='ocrx_word' id='word_1_188' title='bbox 574 3177 681 3246; x_wconf 70' lang='grc' dir='ltr'><strong><em>ταύτην</em></strong></span> <span class='ocrx_word' id='word_1_189' title='bbox 693 3179 811 3230; x_wconf 68' lang='grc' dir='ltr'>δεῖσθαί</span> <span class='ocrx_word' id='word_1_190' title='bbox 825 3197 898 3237; x_wconf 74' lang='grc' dir='ltr'><strong>τινος</strong></span> <span class='ocrx_word' id='word_1_191' title='bbox 909 3183 1088 3248; x_wconf 69' lang='grc' dir='ltr'><strong><em>συμμετρίας.</em></strong></span> 
     </span>
    </p>

    <p class='ocr_par' dir='ltr' id='par_1_7' title="bbox 138 3265 1213 3432">
     <span class='ocr_line' id='line_1_25' title="bbox 173 3265 1213 3340; baseline 0.003 -21"><span class='ocrx_word' id='word_1_192' title='bbox 173 3267 247 3334; x_wconf 86' lang='grc'>(136)</span> <span class='ocrx_word' id='word_1_193' title='bbox 278 3265 470 3337; x_wconf 77' lang='lat' dir='ltr'>Theophrastus</span> <span class='ocrx_word' id='word_1_194' title='bbox 488 3267 523 3318; x_wconf 87' lang='lat' dir='ltr'>l.l.</span> <span class='ocrx_word' id='word_1_195' title='bbox 543 3271 591 3320; x_wconf 74' lang='lat' dir='ltr'>nol</span> <span class='ocrx_word' id='word_1_196' title='bbox 606 3273 658 3338; x_wconf 76' lang='grc' dir='ltr'>τὴν</span> <span class='ocrx_word' id='word_1_197' title='bbox 678 3272 786 3338; x_wconf 71' lang='grc' dir='ltr'><strong><em>μνήμην</em></strong></span> <span class='ocrx_word' id='word_1_198' title='bbox 802 3273 848 3322; x_wconf 73' lang='grc' dir='ltr'>καὶ</span> <span class='ocrx_word' id='word_1_199' title='bbox 861 3276 912 3340; x_wconf 74' lang='grc' dir='ltr'>τὴν</span> <span class='ocrx_word' id='word_1_200' title='bbox 930 3271 1087 3340; x_wconf 71' lang='grc' dir='ltr'><em>λὴθηνάπὸ</em></span> <span class='ocrx_word' id='word_1_201' title='bbox 1106 3269 1213 3322; x_wconf 73' lang='lat' dir='ltr'>&#39;codron</span> 
     </span>
     <span class='ocr_line' id='line_1_26' title="bbox 138 3359 816 3432; baseline 0.006 -22"><span class='ocrx_word' id='word_1_202' title='bbox 138 3359 205 3422; x_wconf 76' lang='grc' dir='ltr'>(τόν</span> <span class='ocrx_word' id='word_1_203' title='bbox 224 3360 389 3428; x_wconf 69' lang='grc' dir='ltr'>στοιχείων.)</span> <span class='ocrx_word' id='word_1_204' title='bbox 409 3363 541 3427; x_wconf 65' lang='grc' dir='ltr'>γίνεσθαι</span> <span class='ocrx_word' id='word_1_205' title='bbox 557 3363 605 3414; x_wconf 76' lang='grc' dir='ltr'>διὰ</span> <span class='ocrx_word' id='word_1_206' title='bbox 622 3368 669 3430; x_wconf 79' lang='grc' dir='ltr'>τῆς</span> <span class='ocrx_word' id='word_1_207' title='bbox 689 3365 816 3432; x_wconf 76' lang='grc' dir='ltr'>κράσεως.</span> 
     </span>
    </p>

    <p class='ocr_par' dir='ltr' id='par_1_8' title="bbox 139 3450 1289 3977">
     <span class='ocr_line' id='line_1_27' title="bbox 172 3450 1265 3530; baseline 0 -28"><span class='ocrx_word' id='word_1_208' title='bbox 172 3451 241 3515; x_wconf 79' lang='grc'>(137)</span> <span class='ocrx_word' id='word_1_209' title='bbox 272 3450 404 3504; x_wconf 85' lang='lat' dir='ltr'>Plutarch.</span> <span class='ocrx_word' id='word_1_210' title='bbox 428 3451 491 3520; x_wconf 84' lang='lat' dir='ltr'>plac.</span> <span class='ocrx_word' id='word_1_211' title='bbox 516 3453 579 3521; x_wconf 86' lang='lat' dir='ltr'>phil.</span> <span class='ocrx_word' id='word_1_212' title='bbox 600 3453 646 3513; x_wconf 84' lang='lat' dir='ltr'>IV,</span> <span class='ocrx_word' id='word_1_213' title='bbox 670 3453 694 3513; x_wconf 80' lang='lat' dir='ltr'>t,</span> <span class='ocrx_word' id='word_1_214' title='bbox 715 3462 743 3505; x_wconf 86' lang='lat' dir='ltr'>et</span> <span class='ocrx_word' id='word_1_215' title='bbox 765 3453 874 3506; x_wconf 81' lang='lat' dir='ltr'>Galenus</span> <span class='ocrx_word' id='word_1_216' title='bbox 893 3453 956 3504; x_wconf 87' lang='lat' dir='ltr'>Phil.</span> <span class='ocrx_word' id='word_1_217' title='bbox 977 3451 1034 3508; x_wconf 73' lang='lat' dir='ltr'>hiat.</span> <span class='ocrx_word' id='word_1_218' title='bbox 1052 3452 1211 3504; x_wconf 73' lang='lat' dir='ltr'>cxxvltt:</span> <span class='ocrx_word' id='word_1_219' title='bbox 1262 3523 1265 3530; x_wconf 29' lang='grc' dir='ltr'><strong><em>Ι</em></strong></span> 
     </span>
     <span class='ocr_line' id='line_1_28' title="bbox 139 3538 1213 3615; baseline -0.002 -21"><span class='ocrx_word' id='word_1_220' title='bbox 139 3543 322 3613; x_wconf 73' lang='grc' dir='ltr'><strong><em>Παρμενίδης</em></strong></span> <span class='ocrx_word' id='word_1_221' title='bbox 338 3543 385 3608; x_wconf 82' lang='grc' dir='ltr'>(τὸ</span> <span class='ocrx_word' id='word_1_222' title='bbox 409 3547 459 3612; x_wconf 75' lang='grc' dir='ltr'>τῆς</span> <span class='ocrx_word' id='word_1_223' title='bbox 479 3549 570 3612; x_wconf 74' lang='grc' dir='ltr'><strong><em>ψυχῆς</em></strong></span> <span class='ocrx_word' id='word_1_224' title='bbox 591 3546 764 3612; x_wconf 69' lang='grc' dir='ltr'>ἡγεμονικὸν)</span> <span class='ocrx_word' id='word_1_225' title='bbox 787 3547 816 3597; x_wconf 73' lang='grc' dir='ltr'>ἐν</span> <span class='ocrx_word' id='word_1_226' title='bbox 838 3546 891 3614; x_wconf 79' lang='grc' dir='ltr'>ὅλῳ</span> <span class='ocrx_word' id='word_1_227' title='bbox 910 3543 1076 3615; x_wconf 70' lang='grc' dir='ltr'>τῷ“θῶρακι.</span> <span class='ocrx_word' id='word_1_228' title='bbox 1109 3538 1213 3592; x_wconf 72' lang='lat' dir='ltr'>orandis</span> 
     </span>
     <span class='ocr_line' id='line_1_29' title="bbox 140 3628 1289 3707; baseline -0.004 -21"><span class='ocrx_word' id='word_1_229' title='bbox 140 3634 328 3699; x_wconf 84' lang='lat' dir='ltr'>animadvertit,</span> <span class='ocrx_word' id='word_1_230' title='bbox 346 3633 543 3688; x_wconf 74' lang='lat' dir='ltr'>oil’arrnenider</span> <span class='ocrx_word' id='word_1_231' title='bbox 559 3653 623 3689; x_wconf 82' lang='lat' dir='ltr'>voce</span> <span class='ocrx_word' id='word_1_232' title='bbox 639 3637 735 3707; x_wconf 74' lang='grc' dir='ltr'><strong><em>θώραξ</em></strong></span> <span class='ocrx_word' id='word_1_233' title='bbox 752 3652 813 3688; x_wconf 89' lang='grc'>111111</span> <span class='ocrx_word' id='word_1_234' title='bbox 825 3637 873 3696; x_wconf 84' lang='lat' dir='ltr'>sit,</span> <span class='ocrx_word' id='word_1_235' title='bbox 889 3643 992 3688; x_wconf 86' lang='lat' dir='ltr'>totum</span> <span class='ocrx_word' id='word_1_236' title='bbox 1011 3632 1213 3688; x_wconf 83' lang='lat' dir='ltr'>truncamin·</span> <span class='ocrx_word' id='word_1_237' title='bbox 1286 3628 1289 3638; x_wconf 93' lang='lat'>&#39;</span> 
     </span>
     <span class='ocr_line' id='line_1_30' title="bbox 140 3721 1215 3793; baseline -0.007 -16"><span class='ocrx_word' id='word_1_238' title='bbox 140 3723 306 3790; x_wconf 74' lang='lat' dir='ltr'>telllgcndunr</span> <span class='ocrx_word' id='word_1_239' title='bbox 323 3739 397 3785; x_wconf 81' lang='lat' dir='ltr'>esre,</span> <span class='ocrx_word' id='word_1_240' title='bbox 413 3723 518 3793; x_wconf 80' lang='lat' dir='ltr'>antiqua</span> <span class='ocrx_word' id='word_1_241' title='bbox 534 3725 718 3792; x_wconf 81' lang='lat' dir='ltr'>significatione</span> <span class='ocrx_word' id='word_1_242' title='bbox 736 3727 800 3781; x_wconf 78' lang='lat' dir='ltr'>Mihi</span> <span class='ocrx_word' id='word_1_243' title='bbox 810 3723 963 3778; x_wconf 77' lang='lat' dir='ltr'>Plutarchus</span> <span class='ocrx_word' id='word_1_244' title='bbox 975 3738 1020 3779; x_wconf 82' lang='lat' dir='ltr'>rua</span> <span class='ocrx_word' id='word_1_245' title='bbox 1033 3725 1133 3778; x_wconf 84' lang='lat' dir='ltr'>ratione</span> <span class='ocrx_word' id='word_1_246' title='bbox 1142 3721 1215 3791; x_wconf 82' lang='lat' dir='ltr'>loqui</span> 
     </span>
     <span class='ocr_line' id='line_1_31' title="bbox 142 3811 1209 3887; baseline -0.004 -21"><span class='ocrx_word' id='word_1_247' title='bbox 142 3813 265 3876; x_wconf 59' lang='lat' dir='ltr'>videtum</span> <span class='ocrx_word' id='word_1_248' title='bbox 286 3811 349 3863; x_wconf 89' lang='lat' dir='ltr'>dicit</span> <span class='ocrx_word' id='word_1_249' title='bbox 367 3814 396 3864; x_wconf 73' lang='lat' dir='ltr'>lv</span> <span class='ocrx_word' id='word_1_250' title='bbox 413 3813 476 3883; x_wconf 65' lang='lat' dir='ltr'>etp</span> <span class='ocrx_word' id='word_1_251' title='bbox 494 3815 621 3886; x_wconf 72' lang='grc' dir='ltr'>θύρακι,</span> <span class='ocrx_word' id='word_1_252' title='bbox 637 3828 668 3871; x_wconf 91' lang='lat' dir='ltr'>ut</span> <span class='ocrx_word' id='word_1_253' title='bbox 685 3820 763 3887; x_wconf 77' lang='lat' dir='ltr'>hujus</span> <span class='ocrx_word' id='word_1_254' title='bbox 783 3817 936 3870; x_wconf 78' lang='lat' dir='ltr'>sententiam</span> <span class='ocrx_word' id='word_1_255' title='bbox 955 3816 1094 3884; x_wconf 79' lang='lat' dir='ltr'>distinguat</span> <span class='ocrx_word' id='word_1_256' title='bbox 1117 3812 1151 3864; x_wconf 79' lang='lat' dir='ltr'>ab</span> <span class='ocrx_word' id='word_1_257' title='bbox 1167 3811 1209 3874; x_wconf 82' lang='lat' dir='ltr'>ils,</span> 
     </span>
     <span class='ocr_line' id='line_1_32' title="bbox 143 3905 1098 3977; baseline -0.001 -21"><span class='ocrx_word' id='word_1_258' title='bbox 143 3905 232 3974; x_wconf 88' lang='lat' dir='ltr'>quiin</span> <span class='ocrx_word' id='word_1_259' title='bbox 253 3913 328 3975; x_wconf 79' lang='lat' dir='ltr'>parte</span> <span class='ocrx_word' id='word_1_260' title='bbox 347 3905 490 3977; x_wconf 72' lang='grc' dir='ltr'>θόρακος,</span> <span class='ocrx_word' id='word_1_261' title='bbox 507 3916 538 3962; x_wconf 84' lang='lat' dir='ltr'>ut</span> <span class='ocrx_word' id='word_1_262' title='bbox 559 3909 586 3962; x_wconf 89' lang='lat' dir='ltr'>in</span> <span class='ocrx_word' id='word_1_263' title='bbox 608 3909 687 3962; x_wconf 87' lang='lat' dir='ltr'>corde</span> <span class='ocrx_word' id='word_1_264' title='bbox 707 3908 807 3969; x_wconf 80' lang='lat' dir='ltr'>aliove,</span> <span class='ocrx_word' id='word_1_265' title='bbox 829 3907 938 3958; x_wconf 82' lang='lat' dir='ltr'>animam</span> <span class='ocrx_word' id='word_1_266' title='bbox 961 3905 1098 3976; x_wconf 81' lang='lat' dir='ltr'>ponebant</span> 
     </span>
    </p>

    <p class='ocr_par' dir='ltr' id='par_1_9' title="bbox 147 3995 1214 4158">
     <span class='ocr_line' id='line_1_33' title="bbox 176 3995 1214 4068; baseline 0.001 -22"><span class='ocrx_word' id='word_1_267' title='bbox 176 3995 247 4058; x_wconf 80' lang='grc'>(138)</span> <span class='ocrx_word' id='word_1_268' title='bbox 279 3999 386 4066; x_wconf 83' lang='lat' dir='ltr'>Copiose</span> <span class='ocrx_word' id='word_1_269' title='bbox 406 3999 472 4051; x_wconf 84' lang='lat' dir='ltr'>hane</span> <span class='ocrx_word' id='word_1_270' title='bbox 488 3999 635 4068; x_wconf 84' lang='lat' dir='ltr'>opinionem</span> <span class='ocrx_word' id='word_1_271' title='bbox 654 3998 766 4050; x_wconf 75' lang='lat' dir='ltr'>illustrat</span> <span class='ocrx_word' id='word_1_272' title='bbox 779 3996 933 4051; x_wconf 71' lang='lat' dir='ltr'>&#39;themistius</span> <span class='ocrx_word' id='word_1_273' title='bbox 944 3997 971 4050; x_wconf 87' lang='lat' dir='ltr'>ln</span> <span class='ocrx_word' id='word_1_274' title='bbox 981 3996 1133 4066; x_wconf 80' lang='lat' dir='ltr'>Paraphraai</span> <span class='ocrx_word' id='word_1_275' title='bbox 1147 3995 1214 4049; x_wconf 85' lang='lat' dir='ltr'>ltrir·</span> 
     </span>
     <span class='ocr_line' id='line_1_34' title="bbox 147 4079 924 4158; baseline 0.001 -20"><span class='ocrx_word' id='word_1_276' title='bbox 147 4084 233 4139; x_wconf 78' lang='lat' dir='ltr'>tutelis</span> <span class='ocrx_word' id='word_1_277' title='bbox 251 4085 284 4138; x_wconf 86' lang='lat' dir='ltr'>de</span> <span class='ocrx_word' id='word_1_278' title='bbox 299 4088 387 4140; x_wconf 75' lang='lat' dir='ltr'>hnilna</span> <span class='ocrx_word' id='word_1_279' title='bbox 404 4087 457 4142; x_wconf 87' lang='lat' dir='ltr'>Lib.</span> <span class='ocrx_word' id='word_1_280' title='bbox 477 4091 498 4148; x_wconf 87' lang='lat'>1,</span> <span class='ocrx_word' id='word_1_281' title='bbox 521 4087 538 4142; x_wconf 81' lang='lat' dir='ltr'>l.</span> <span class='ocrx_word' id='word_1_282' title='bbox 556 4088 597 4152; x_wconf 89' lang='grc'>66,</span> <span class='ocrx_word' id='word_1_283' title='bbox 615 4089 656 4154; x_wconf 83' lang='lat'>67,</span> <span class='ocrx_word' id='word_1_284' title='bbox 678 4102 718 4153; x_wconf 77' lang='grc'>71,</span> <span class='ocrx_word' id='word_1_285' title='bbox 740 4088 841 4158; x_wconf 80' lang='lat' dir='ltr'>passim.</span> <span class='ocrx_word' id='word_1_286' title='bbox 898 4102 902 4111; x_wconf 78' lang='grc'>’</span> <span class='ocrx_word' id='word_1_287' title='bbox 922 4079 924 4088; x_wconf 70' lang='grc'><strong>“</strong></span> 
     </span>
    </p>
   </div>
   <div class='ocr_carea' id='block_1_5' title="bbox 0 0 1477 4830">
    <p class='ocr_par' dir='ltr' id='par_1_10' title="bbox 0 0 1477 4830">
     <span class='ocr_line' id='line_1_35' title="bbox 0 0 1477 4830; baseline 0 0"><span class='ocrx_word' id='word_1_288' title='bbox 0 0 1477 4830; x_wconf 95' lang='lat' dir='ltr'> </span> 
     </span>
    </p>
   </div>
  </div>
 </body>
</html>
