2924 4820
268 338 331 403 180
678 361 716 401 nn
739 359 931 403 xxxornexus

268 508 434 600 «Quum
469 505 593 580 multis
626 506 736 599 locis,
766 510 914 606 inquit,
947 523 1162 606 apparerent
1193 536 1342 610 magnae

262 625 443 686 terrarum
456 614 685 710 mariumque
709 615 924 685 mutationes
942 612 968 664 ⁹⁴
981 669 990 702 ,
1005 627 1157 704 veteres,
1182 641 1343 713 quorum

261 719 443 818 angustior
484 731 561 791 erat
588 721 706 807 acies,
742 731 921 816 putarunt
950 723 1082 792 eoadem
1120 724 1167 792 ud
1193 729 1342 794 univcr-

207 913 208 922 ἵ
260 853 337 899 sum
362 827 527 898 mundum
547 832 738 920 portinere.
763 827 837 898 Etsi
863 839 984 899 autem
1007 855 1135 901 verum
1152 843 1226 919 est,
1246 831 1343 904 mul·

260 945 313 1004 tas
328 957 428 1004 nunc
449 944 559 1005 terras
577 956 651 1004 esse
668 930 733 1003 uhi
751 931 836 1004 olim
854 959 952 1006 mare
969 933 1062 1022 suit,
1080 947 1200 1008 tamen
1216 961 1344 1010 causeo

260 1031 368 1125 liujus
394 1035 454 1102 rei
476 1056 543 1102 uon
567 1030 615 1100 ud
640 1031 766 1101 muudi
789 1044 956 1104 naturum
981 1035 1167 1128 rcfiercndo
1193 1048 1273 1106 est:
1295 1037 1344 1106 ri-

259 1133 423 1208 diculum
449 1147 502 1208 est
526 1136 623 1207 enim
648 1149 795 1233 propter
819 1139 963 1235 exiguas
992 1137 1191 1235 brevesque
1217 1154 1344 1212 muta-

259 1242 373 1313 tiones
390 1241 601 1313 universum
620 1240 687 1313 hoc
705 1243 840 1316 moveri
860 1256 1005 1338 putare,
1027 1245 1204 1342 siquidem
1224 1258 1344 1320 terrae

258 1347 468 1446 magnitudo
492 1361 529 1420 et
551 1346 661 1420 moles
688 1349 733 1420 ad
764 1362 882 1422 totum
912 1351 1093 1423 mundum
1125 1355 1251 1448 puncti
1279 1355 1343 1426 in-

132 1495 134 1500 *
257 1467 329 1526 star
350 1465 413 1525 est.
428 1478 448 1522 u
475 1454 572 1526 Haec
598 1479 691 1552 quae
719 1454 781 1528 ille
806 1457 845 1526 in
876 1469 1011 1529 veteres
1039 1457 1198 1555 physicos
1227 1459 1342 1550 dicit,

257 1563 479 1638 conveniunt
500 1587 645 1659 prorsus
668 1566 707 1635 in
731 1563 1012 1661 Xenophanem,
1039 1569 1103 1663 qui
1128 1592 1244 1664 quum
1268 1581 1344 1642 ter-

256 1697 334 1742 ram
351 1671 482 1742 faceret
502 1671 732 1768 praecipuam
753 1673 911 1744 universi
935 1685 1099 1770 partem,
1120 1673 1231 1770 hujus
1248 1701 1343 1776 quo-

193 1821 195 1826 ·
256 1801 330 1875 que
359 1776 620 1849 mutationibus
648 1781 761 1852 totius
787 1773 915 1854 mundi
943 1781 1069 1853 faciem
1098 1794 1343 1882 naturamque

255 1883 441 1957 immutari
465 1884 640 1957 comebat.

755 2187 828 2268 §u

302 2405 381 2476 lam
405 2399 645 2500 explicuimus
667 2425 708 2472 ea
733 2423 826 2496 quae
855 2397 901 2470 de
926 2397 1155 2496 Xenophanis
1180 2399 1339 2497 physicis

253 2511 352 2610 apud
374 2522 511 2583 veteres
539 2517 734 2580 memorata
758 2505 1003 2603 reperiuntur.
1030 2507 1072 2576 In
1098 2505 1245 2604 singulis
1263 2507 1339 2580 ho-

252 2643 336 2690 rum
357 2614 567 2690 testimoniis
586 2611 812 2710 explorandis
828 2610 943 2684 multa
966 2610 1180 2684 offendimus
1195 2613 1337 2684 incerta

252 2737 290 2798 et
312 2723 486 2813 obscura,
514 2719 630 2794 multa
653 2721 760 2792 etiam
785 2720 930 2806 confusa
954 2731 991 2792 et
1015 2721 1213 2810 contraria,
1236 2745 1338 2818 quae

251 2855 324 2902 non
349 2828 451 2902 facile
475 2828 515 2899 in
541 2826 703 2920 ejusdem
729 2825 882 2898 hominis
903 2837 1062 2897 mentem
1086 2826 1211 2898 cadere
1236 2827 1336 2902 vide·

250 2948 380 3010 rentur
403 2962 411 3006 ι
437 2959 510 3033 quo
533 2933 668 3005 factum
693 2945 747 3005 est
763 2943 806 3004 ut
822 2933 894 3026 „viri
911 2932 1007 3004 docti
1025 2933 1333 3026 existimaverint,

248 3055 313 3116 eut
335 3043 416 3114 ficta
437 3065 511 3114 esse
542 3037 716 3137 pleraque
736 3037 824 3111 haec
845 3049 882 3111 et
908 3064 928 3110 a
953 3037 1182 3136 Xenophanis
1205 3053 1335 3114 mente

248 3149 387 3236 aliena,
409 3159 475 3220 eut
496 3147 616 3244 ipsum
639 3147 679 3217 in
703 3143 909 3245 quaerendo
930 3141 1032 3216 nulla
1055 3146 1195 3218 ratione
1219 3171 1334 3218 usum
1401 3215 1402 3218 ,

247 3393 388 3472 reflantis,
408 3397 443 3456 οἷς
458 3395 597 3473 *frumino
617 3405 666 3455 τοῦ
684 3396 808 3474 ariperti·
831 3437 837 3450 .
859 3433 867 3450 ο
890 3433 898 3449 ·
922 3433 929 3448 ·
951 3390 1031 3453 &aad
1048 3389 1144 3453 codrot
1164 3389 1212 3460 cxlv
1235 3389 1331 3454 airino

247 3494 276 3551 ου’
297 3489 344 3558 'eulx
359 3500 409 3550 τοῦ
427 3490 529 3566 uo'cpcoo
548 3489 652 3562 *sittim
671 3489 780 3550 olle-911
798 3483 869 3568 mvl·
889 3487 995 3558 γελοῖοι
1013 3483 1067 3568 peip
1088 3484 1140 3548 dul
1158 3483 1258 3566 matfelt
1278 3487 1329 3548 nal

246 3580 393 3663 despiciat
412 3577 576 3658 praeponit
596 3581 674 3640 certis
693 3579 725 3641 cd
741 3587 808 3640 ser·
826 3579 838 3637 ὅ
859 3573 896 3638 di
917 3588 967 3646 τῆς
986 3587 1040 3650 γῆς
1061 3575 1143 3651 ἵγκος
1162 3575 1210 3638 eal
1224 3573 1256 3637 ri
1276 3575 1329 3653 με’·

242 3678 330 3746 γιθοε
359 3671 439 3733 ου’Νν
468 3674 507 3736 iet
530 3669 619 3738 dnicae
641 3668 706 3752 arpis
730 3666 774 3730 rix
796 3664 855 3730 laos
876 3669 987 3752 adpetii.

284 3795 346 3878 (94)
366 3797 409 3854 De
426 3793 470 3854 his
490 3793 690 3854 mutationibus
708 3794 795 3854 multa
819 3813 853 3854 cx
875 3791 1020 3854 Herodoto
1044 3791 1161 3870 aliisque
1179 3790 1326 3850 veteribus

242 3885 329 3944 refert
345 3885 390 3944 Jo.
413 3883 551 3943 Camiotes
570 3882 605 3942 ad
625 3881 814 3965 Theophrasti
833 3879 1041 3964 Memphitis
1059 3901 1101 3961 sq.
1116 3879 1200 3959 (Atel.
1216 3877 1322 3954 1551.)

240 3975 332 4124 {3⁴:3⁵
347 3974 547 4140 qtgquiqsignis
558 3985 601 4033 est
611 3973 687 4055 apud
701 3972 923 4055 Theophrastum
940 3971 975 4033 de
985 3973 1084 4032 Ventis
1096 3993 1124 4054 p.
1140 3971 1209 4032 233.
1227 3968 1320 4049 (edit.
