2942 4830
304 409 371 472 236
703 422 751 470 nn
773 423 989 473 ranmmts

304 605 409 682 sunt,
442 589 505 663 ubi
540 587 627 662 baec
659 589 815 664 Daemon
843 603 1005 664 cuncta
1025 590 1383 690 gubernaredici-

304 713 431 803 tur⁴⁶3
451 719 682 810 κληροῦχον
700 725 821 785 autem
844 710 1071 811 probabiliter
1092 713 1130 784 in
1150 712 1383 816 κλῃδοῦχον

304 831 535 923 mutandum,
560 845 603 922 ut
624 857 818 930 cognomen
836 834 979 926 Δίκης,
1008 859 1103 933 quae
1129 863 1149 908 a
1171 835 1382 910 Parmenide
1462 855 1463 940 (

304 953 390 1027 ooeli
423 967 608 1051 portarum
646 953 804 1034 claves,
829 968 989 1029 tenere
1023 953 1153 1030 dicitur
1171 965 1228 1029 ⁴⁷.
1280 956 1383 1048 Quod
1462 959 1463 970 ’

304 1090 425 1148 autem
464 1073 507 1146 ad
540 1075 775 1149 lustitiam
806 1091 843 1148 et
876 1076 1202 1151 Necessitatem
1240 1077 1382 1168 attinet,

304 1211 497 1298 utramque
524 1223 544 1268 a
571 1197 784 1270 Parmenide
804 1199 988 1274 interdum
1009 1197 1112 1300 quasi
1134 1201 1224 1272 Deos
1245 1197 1381 1294 induci,

304 1345 415 1418 penes
432 1345 522 1418 quos
543 1343 755 1418 supremum
777 1321 822 1392 sit
845 1345 969 1394 rerum
986 1319 1232 1412 moderamen,
1255 1331 1382 1392 testan-

305 1455 367 1514 tur
382 1442 492 1540 ipsius
510 1465 634 1518 versus
644 1445 702 1536 ⁴⁸3
720 1467 812 1515 num
825 1455 945 1515 tamen
965 1443 1061 1514 varia
1076 1440 1163 1513 baec
1177 1441 1381 1538 cognomina

254 1567 259 1572 '
306 1560 351 1633 ad
367 1561 461 1634 idem
478 1585 616 1635 numen
635 1563 817 1655 retulerit,
835 1587 907 1636 non
924 1577 1081 1662 apparet.
1094 1562 1274 1635 Universe
1289 1575 1382 1634 vcte·
1463 1621 1464 1624 ,

305 1707 388 1754 rum
412 1681 524 1755 iubis
546 1681 654 1756 rebus
674 1708 746 1756 non
769 1697 867 1755 tanta
889 1697 967 1756 erat
989 1683 1170 1784 diligentia
1195 1697 1232 1757 et
1251 1682 1382 1757 subtili·

306 1815 377 1896 tas,
417 1802 529 1876 multa
561 1809 747 1902 positarum
774 1807 885 1878 instar
913 1803 1153 1904 significabant
1180 1803 1383 1894 obscurius,

305 1923 418 1998 multa
451 1923 692 2026 loquebantur
720 1923 921 1999 secundum
948 1924 1132 2025 vulgarem
1160 1926 1381 2021 opinionem,

306 2048 370 2120 etsi
403 2047 561 2147 ipsorum
597 2048 777 2147 principiis
807 2061 844 2120 et
874 2047 1010 2146 placitis
1039 2043 1223 2117 interdurn
1256 2070 1382 2143 parum

305 2182 552 2266 congruerent.
604 2169 727 2241 Veluti
753 2167 999 2268 Empedocles,
1027 2165 1227 2238 Amicitiam
1255 2179 1292 2238 et
1309 2166 1381 2238 Dis·

306 2287 458 2360 cordiam
481 2290 647 2365 movendi
664 2317 803 2363 caussas
824 2303 999 2380 statuens,
1023 2286 1137 2359 multa
1159 2301 1282 2361 tamen
1306 2287 1383 2361 For·

306 2421 417 2482 tunae
436 2423 471 2482 et
492 2409 693 2484 Necessitati
712 2410 870 2511 reliquit.
920 2407 1019 2481 Idem
1040 2409 1079 2480 in
1104 2411 1313 2507 Anaxagora
1336 2436 1383 2484 re

306 2529 540 2628 prehenditur
566 2541 625 2605 ⁴⁹.
675 2532 773 2625 Quid
802 2531 936 2604 mirum
965 2531 1092 2630 igitur,
1115 2529 1385 2622 Parmenidem,

306 2653 370 2723 etsi
393 2677 511 2726 unum
531 2656 708 2728 statmsset
734 2679 946 2754 supremum
970 2667 1120 2726 naturae
1143 2675 1301 2744 numen,
1325 2655 1383 2724 in-

306 2773 450 2846 terdum
481 2789 601 2848 tamen
632 2775 772 2849 easdem
805 2789 922 2874 partes
950 2778 1058 2852 variis
1090 2776 1192 2876 quasi
1227 2777 1382 2874 personis

306 2891 507 2986 mandasse,
541 2894 724 2968 interdum
761 2898 868 2969 etiam
900 2898 966 2971 uni
994 2896 1182 2995 eidemque
1215 2921 1382 2994 personae

307 3013 404 3087 varia
431 3005 610 3089 tribuisse
625 3014 802 3090 munera?
850 3019 928 3108 Sic,
958 3017 1113 3117 exempli
1135 3019 1262 3116 gratia,
1291 3021 1382 3106 nite

307 3133 411 3208 modo
437 3135 561 3237 templi
583 3137 774 3238 sapientiae
795 3137 977 3211 custodem
999 3137 1105 3228 facit,
1124 3137 1228 3210 modo
1252 3155 1381 3212 certam

306 3269 343 3329 et
358 3255 617 3332 immutabilem
636 3259 779 3332 rationis
798 3257 912 3358 legem
936 3274 1036 3334 vocat
1050 3269 1108 3352 ⁵03
1128 3259 1218 3361 quid
1239 3262 1380 3350 mirum,

305 3379 334 3450 si
355 3378 506 3452 eandem
526 3379 710 3452 interdum
730 3381 837 3452 etiam
858 3394 1008 3481 naturae
1029 3381 1209 3456 dominam
1232 3380 1380 3481 appella·

306 3500 412 3592 verit,
441 3501 557 3602 acqua
586 3499 663 3602 lege
695 3513 824 3575 cuncta
856 3499 1123 3578 moderantem?
1186 3503 1380 3603 Praecipue

338 3669 393 3739 (46)
426 3667 528 3722 vidae
548 3685 603 3734 ¹²⁷·

337 3761 394 3828 ((7)
429 3759 486 3811 viu.
499 3775 536 3812 rs.
554 3761 582 3822 id
594 3779 601 3823 3
613 3759 757 3812 emendatio
769 3770 809 3814 ert
818 3761 999 3815 Fuellebornii.

337 3852 395 3918 (dd)
428 3849 485 3902 vid.
496 3849 653 3902 Parmenidir
663 3867 753 3903 versus
764 3867 825 3902 mox
838 3853 941 3905 citandi.

338 3941 395 4008 (69)
428 3939 466 3992 lle
479 3939 560 3992 altero
570 3939 752 3993 animadvertit
765 3942 868 3994 tustot
879 3941 912 3994 de
925 3945 1018 3998 Gener.
1030 3952 1058 3997 et
1070 3959 1140 3996 corr.
1158 3945 1198 4010 ll,
1211 3943 1236 4006 6,
1247 3959 1272 4012 p
1284 3939 1333 4002 dol
1342 3955 1376 4006 sq.

302 4027 338 4081 de
349 4028 432 4081 altero
441 4029 514 4082 Plato
523 4029 651 4082 Phaedon.
663 4047 688 4099 p
702 4033 735 4098 98
745 4031 792 4085 BG.
803 4031 836 4084 ad
847 4049 873 4102 q.
887 4031 903 4085 l
917 4034 950 4088 cf.
961 4033 1095 4101 Wyttenb.
1106 4035 1199 4086 donet.
1211 4049 1237 4102 p.
1250 4029 1304 4084 sss.

243 4176 246 4186 ¹
339 4116 395 4186 (50)
428 4117 536 4170 vidis
554 4119 664 4181 iletre
680 4119 720 4186 69.
