2870 4824
282 293 328 358 42
671 337 673 342 -
730 315 924 359 xsrornarrs

332 487 381 537 vs.
414 488 443 533 1.
467 456 548 534 Ἀλλ’
575 471 650 532 εἶτα.
673 460 851 534 Eusebius
876 459 1002 534 male:
1029 453 1097 532 ἀλλ’
1119 470 1145 532 εἰ
1160 481 1268 560 χεῖρας
1283 464 1361 555 ἔχον.

282 571 498 648 Particulam
533 565 564 667 y'
596 572 702 644 metri
728 572 840 670 gratia
871 569 1020 644 inseruit
1050 569 1266 668 Stephanus.
1296 572 1363 645 Pro

282 685 317 760 ἠὲ
338 683 447 759 λέοντες
469 677 709 751 theodoretus
733 677 943 776 sichipertus,
970 675 1069 774 quod
1089 677 1211 749 minus
1236 677 1362 778 proba-

281 784 356 859 bile
386 797 449 858 est.

331 919 382 969 vs.
411 919 445 965 2.
474 897 585 989 γράψαι
611 933 659 946 -
683 893 787 961 τελεῖν.
811 887 987 964 Infinitivi
1012 887 1173 987 pendent
1192 889 1241 962 ab
1263 889 1362 984 εἶχον,

280 1011 420 1072 mutata
442 999 608 1070 orationis
623 1008 804 1070 structura
818 1022 826 1067 :
840 994 1005 1070 similiter
1017 997 1059 1067 in
1083 995 1218 1097 elegiae
1237 997 1362 1096 fragm.

283 1105 387 1199 XIX,
417 1103 460 1176 15
486 1129 538 1202 sq.
560 1099 617 1176 οὔτ’
645 1113 671 1174 εἰ
690 1109 799 1185 πύκτης
819 1109 932 1199 ἀγαθὸς
955 1145 1005 1158 -
1028 1097 1086 1176 ὦτ’
1108 1111 1133 1174 εἰ
1154 1107 1363 1194 antedius,

282 1237 415 1310 nempe
442 1217 570 1308 ἀγαθός.

330 1344 380 1392 vs.
408 1318 442 1390 3.
469 1327 525 1388 καί
547 1345 582 1386 κε
605 1313 760 1416 Sylburg
780 1317 820 1388 in
838 1314 1085 1410 Theodoreto;
1115 1317 1227 1391 ceteri
1248 1329 1306 1388 καί
1319 1347 1359 1389 τε.

278 1426 349 1498 Pro
370 1435 496 1520 σώματα
519 1423 698 1496 Eusebius
722 1423 816 1496 male
841 1421 930 1522 legit
949 1425 1084 1518 δώματα.

285 1529 288 1536 ’
329 1562 379 1612 vs.
406 1535 442 1627 4.
469 1539 519 1604 καὶ
544 1537 632 1604 αὐτοί.
652 1533 707 1605 Ita
731 1546 828 1606 recte
850 1533 911 1606 lds.
936 1533 1044 1606 Paris.
1077 1545 1115 1606 et
1135 1534 1362 1632 Stephanus3

277 1639 425 1740 vulgata
449 1638 556 1713 lectio
583 1649 636 1712 est
658 1635 770 1730 κᾴυτοί,
796 1664 861 1737 pro
884 1663 958 1738 quo
974 1651 1071 1713 certe
1091 1635 1123 1709 κ’
1145 1646 1225 1712 αὐτοὶ
1244 1641 1362 1714 fuerat

279 1749 530 1841 scribendum,
552 1759 597 1821 ut
619 1748 702 1820 lecit
722 1747 894 1842 Brandis3
914 1775 989 1821 non
1006 1761 1128 1822 tamen
1151 1748 1361 1823 elidendum

279 1871 333 1934 est
354 1859 429 1951 καὶ,
456 1855 518 1929 sed
544 1879 610 1954 per
629 1856 805 1955 synizesin
825 1881 910 1929 cum
926 1857 1093 1955 sequenti
1118 1859 1197 1928 αὐτοὶ
1212 1857 1360 1930 confun-

278 1967 453 2043 dendum.
479 1965 518 2038 cl
535 1963 629 2036 infra
653 1965 698 2036 ad
723 1963 848 2062 fragm.
877 1963 966 2055 XX,
997 1961 1031 2035 5.
1060 1965 1361 2038 Emendationem

278 2087 436 2149 nostram
463 2073 570 2158 ἔκαςον
598 2071 726 2144 suadet
753 2072 862 2144 etiam
890 2095 1090 2168 pronomen
1111 2075 1163 2145 οἷον
1179 2074 1221 2146 in
1243 2075 1360 2172 singu·

277 2183 347 2256 lari
370 2207 524 2255 numero
550 2179 735 2278 positum:
755 2175 916 2276 alioquin
942 2193 1149 2278 oportuerat
1174 2183 1296 2282 potius
1319 2183 1360 2253 οἷα

278 2287 407 2380 scribi,
432 2285 530 2386 quod
553 2310 628 2358 non
650 2285 735 2356 sinit
756 2298 928 2359 metrum.

327 2421 377 2472 vs.
406 2393 439 2466 5.
466 2405 570 2486 ὁμοῖον.
591 2391 777 2465 Possemus
809 2391 919 2464 etiam
942 2401 1026 2485 ὁμοῖα
1049 2392 1229 2488 scrihere,
1266 2391 1359 2493 quod

277 2527 480 2604 congruum
506 2511 596 2573 emet
611 2499 850 2600 praecedenti
866 2493 989 2571 τοιαῦθ’.
1008 2499 1175 2575 Clemens
1189 2515 1229 2576 et
1252 2503 1357 2574 Euse-

277 2611 360 2685 bius
390 2621 486 2705 ὁμοῖοι.
513 2607 755 2683 theodoretus
779 2617 886 2702 ὁμοίας.

325 2752 462 2826 Festive
489 2750 734 2850 Xenophanes
760 2749 814 2822 his
840 2747 1002 2826 versibus
1027 2749 1142 2848 carpit
1168 2749 1356 2852 vulgarem

276 2859 467 2931 hominum
494 2858 727 2956 opinionem,
759 2881 833 2954 qua
861 2855 954 2929 Deos
981 2856 1167 2930 finxerunt
1200 2858 1355 2931 humana

171 2982 175 2990 ’
276 2967 390 3038 forma
416 2965 618 3063 praeditos;
643 2965 751 3058 cujus
776 2963 828 3035 rei
848 2963 1023 3036 rationem
1040 2964 1189 3061 positam
1214 2989 1290 3038 esse
1307 2965 1355 3038 vi-

277 3071 331 3145 dit
358 3071 398 3143 in
429 3083 581 3146 naturae
610 3095 741 3163 sensu,
771 3093 846 3168 quo
876 3068 1168 3168 unumquodque
1198 3073 1355 3143 animans

276 3203 385 3250 suum
410 3202 524 3275 genus
537 3178 693 3250 maxime
708 3175 939 3274 amplectitur
959 3188 997 3249 et
1019 3173 1283 3274 pulcerrimum
1297 3181 1353 3274 ju-

278 3285 383 3358 dicat.
402 3285 455 3355 lta
474 3283 711 3383 Epicharmus
729 3283 828 3382 apud
846 3283 1043 3384 Diogenem
1059 3285 1097 3356 L.
1121 3283 1200 3378 III,
1224 3285 1269 3359 16
1284 3286 1351 3358 ait:

424 3429 554 3500 ἁνδάνειν
580 3431 705 3500 αὐτοῖσιν
729 3433 827 3510 αὐτοὺς
855 3435 906 3500 καὶ
929 3432 1022 3502 doceto

375 3539 472 3615 καλῶς
492 3544 662 3635 ceponium·
689 3541 738 3606 καί
758 3544 818 3634 γὰρ
840 3545 955 3608 ἀνύων
972 3543 1033 3608 κυνὶ

375 3645 514 3727 κάλλιςον
531 3639 608 3736 εἶμεν
633 3649 786 3742 φαίνεται,
810 3649 860 3714 καὶ
880 3647 947 3732 βοῦς
972 3647 1035 3734 βοῒ,

373 3753 434 3832 ὄνος
456 3745 483 3824 d‘
502 3753 560 3848 ὄνῳ
577 3756 739 3843 cettan,
765 3750 798 3832 ὗς
816 3747 843 3826 δ’
865 3761 901 3825 sc

276 3903 508 4002 Xenophanis
526 3906 619 3980 dicta
642 3905 825 3982 illustrant
845 3909 1039 4008 praecipue
1064 3907 1152 3982 haec
1177 3901 1349 3980 Ciceronis

274 4009 399 4105 verba,
413 4011 491 4084 Nat.
518 4013 622 4088 Deor.
640 4015 675 4108 Ι,
696 4041 766 4116 27,
784 4041 879 4116 quae
903 4042 949 4091 ex
971 4014 1042 4090 illis
1058 4040 1173 4117 paene
1189 4033 1346 4114 expressa
