2870 4824
450 387 524 432 vrrs
547 389 585 432 nr
608 390 731 432 sunnis.
1091 369 1133 432 21

54 535 229 634 proxima,
254 537 407 637 ingenio
430 536 537 636 plane
561 537 795 638 dispareret,
820 549 864 610 ut
880 539 976 610 inter
998 547 1136 611 utram-

54 667 114 740 que
138 669 217 714 non
244 644 372 716 minus
395 644 603 736 interesset,
645 671 756 744 quam
777 657 897 743 postea
921 644 1137 744 tragoediam

56 751 137 824 iuter
159 763 199 823 et
223 747 448 826 comoediam
471 753 647 826 interfuit.
673 753 722 825 Ut
741 754 840 852 epica
866 755 978 852 poe'sis
1001 753 1046 826 ad
1075 777 1137 826 ce-

57 855 236 930 lebrandas
273 883 329 930 res
362 862 539 956 graviores
570 861 762 958 composita
800 873 909 952 erat,
940 861 989 933 sic
1024 859 1136 931 iambi

59 965 92 1038 ad
111 965 302 1064 vulgarem
323 967 514 1040 hominum
539 969 647 1042 vitam
672 982 709 1042 et
731 994 962 1042 communem
983 993 1137 1041 consue-

59 1069 212 1146 tudinem
230 1075 479 1172 pertinebant3
496 1077 703 1174 praesertim
721 1077 765 1148 ad
787 1101 904 1150 mores
928 1077 1135 1167 hominum,
1210 1081 1214 1090 '

59 1205 172 1252 eorum
198 1183 288 1256 vitia
315 1193 353 1254 et
381 1207 521 1272 errores
544 1181 601 1258 vel
626 1182 829 1256 illudendos
848 1181 917 1259 ·vcl
947 1185 1135 1280 increpan-

58 1285 108 1358 dos
128 1300 237 1361 erant
257 1289 442 1386 compositi
458 1288 494 1360 ⁴³.
512 1289 602 1382 Quis
621 1316 704 1390 ergo
721 1291 898 1383 miretur,
923 1289 1136 1387 Xenophani

59 1421 131 1466 cum
181 1421 292 1494 saepe
332 1397 445 1472 bilem
479 1423 584 1496 saepe
613 1403 736 1496 jocum
767 1411 955 1474 moverent
989 1399 1135 1496 ineptae

59 1513 88 1573 et
109 1527 300 1600 perversae
321 1515 395 1574 tam
418 1501 517 1601 vulgi
557 1531 667 1603 quam
688 1499 891 1579 'doctorum
921 1505 1134 1602 opiniones,

60 1633 147 1699 eum,
168 1607 379 1682 Archilochi
398 1623 435 1683 et
452 1609 588 1684 Solonis
611 1611 794 1711 exemplo,
815 1613 882 1686 hoc
899 1611 1065 1685 carminis
1075 1635 1134 1708 ge·

58 1739 131 1788 nere
154 1741 287 1788 eorum
312 1741 448 1790 errores
478 1729 515 1790 et
540 1718 625 1791 vitia
650 1717 926 1817 perstrinxisse?
953 1717 1055 1810 Quae
1079 1743 1135 1790 res

60 1845 129 1892 cum
152 1847 223 1918 per
247 1847 286 1893 se
306 1820 414 1919 plane
436 1822 627 1920 probabilis
647 1825 716 1912 sit,
739 1824 842 1896 nulla
860 1838 913 1897 est
928 1849 1049 1896 caussa
1068 1849 1135 1897 cur

58 1925 214 2025 Diogenis
237 1929 485 2000 testimonium
511 1943 657 2027 propter
683 1928 841 2002 aliorum
864 1928 1048 2002 silentium
1066 1931 1133 2001 im-

57 2036 252 2133 probemus.
280 2035 378 2128 Quid
411 2035 525 2110 vero?
553 2036 760 2111 Aristoteles
785 2038 893 2110 etiam
915 2037 1133 2109 sententiam

56 2143 156 2238 ipsius
172 2141 405 2240 Xenophanis
419 2143 576 2240 profert,
592 2168 686 2241 quae
702 2143 862 2216 iambicis
880 2142 1033 2241 pedibus
1049 2168 1132 2215 con-

56 2263 138 2323 stare
164 2249 337 2324 videtur:
358 2274 431 2347 quo
451 2263 667 2350 argumento
692 2249 840 2324 nullum
872 2251 1030 2348 profecto
1054 2273 1129 2322 cer·
1182 2342 1184 2348 Α

57 2357 120 2429 tius
140 2358 251 2456 possit
274 2354 399 2429 haberi
423 2355 459 2429 44.
1014 2363 1019 2394 ¹

96 2464 173 2536 lam
190 2460 432 2560 explicuimus
444 2489 484 2536 ea
501 2489 627 2562 quaea
656 2464 814 2563 Diogene
829 2463 968 2536 Laertio
982 2462 1134 2535 strictim
1241 2513 1244 2524 ·

56 2581 149 2640 erant
190 2581 344 2660 notata3
372 2567 432 2640 alii
476 2596 560 2645 vero
589 2583 755 2645 veterum
784 2569 1015 2670 Xenophanis
1057 2595 1132 2642 car-

57 2676 145 2747 mina
177 2673 256 2746 aliis
288 2675 495 2749 nominibus
531 2676 743 2776 designant,
774 2675 890 2752 veluti
921 2676 1128 2774 Tpayprlr'ae,

58 2785 186 2874 mise,
211 2783 383 2877 Repudio,
411 2781 456 2856 de
487 2783 621 2882 quibus
655 2781 805 2883 singulis
832 2783 1001 2881 deinceps
1024 2808 1136 2882 expo*

59 2888 210 2962 nendum
238 2900 302 2962 est.
336 2931 341 2938 -

548 3091 627 3175 ss.

101 3298 346 3390 Τραγῳδίαι.
373 3297 509 3369 Earum
535 3295 758 3370 mentionem
784 3295 868 3370 facit
889 3294 1067 3370 Eusebius
1091 3297 1131 3370 in

64 3423 183 3474 canone
205 3395 394 3496 chronico,
421 3403 486 3477 uhi
512 3405 600 3478 haec
624 3417 745 3476 notata
770 3403 975 3502 leguntur:
1003 3407 1128 3504 Ξενοφά-

63 3533 103 3584 νης
117 3513 223 3604 φακὸς
243 3537 260 3580 τ
267 3511 541 3606 ραγῳδοποιός
557 3507 593 3582 ⁴⁵.
617 3511 724 3605 Quod
741 3512 987 3586 testimonium
1004 3537 1130 3610 quam-

96 3716 151 3796 ((3)
172 3721 240 3782 vid.
260 3721 376 3782 Aristot.
397 3720 433 3781 de
451 3725 519 3783 Arte
539 3723 663 3803 politica,
683 3721 1050 3786 ed.Gra·efenhan.c.1v.

96 3804 153 3886 (ll)
172 3809 239 3870 vid.
260 3811 360 3890 fragm.
380 3813 463 3872 infra.
482 3812 581 3876 XXV.
839 3869 844 3878 .

98 3894 153 3975 ((5)
171 3899 287 3960 Eusebii
303 3899 395 3960 locum
411 3923 493 3984 supra
503 3924 532 3984 p.
546 3901 565 3980 4
573 3948 582 3978 ,
594 3913 653 3962 not.
665 3899 695 3961 6,
709 3901 764 3982 jam
778 3903 861 3964 citavi
874 3928 882 3983 5
898 3903 935 3964 ad
946 3923 1027 3984 quem
1040 3904 1132 3966 locum

64 3981 170 4067 Scaliger
186 3987 339 4050 Animadv.
362 4012 389 4072 p.
407 3990 468 4072 96:
492 4015 506 4050 u
522 3991 670 4074 physicum
685 4004 713 4050 et
730 3997 854 4073 poetam,
870 3995 978 4073 inquit,
996 4016 1131 4076 agnosco,

63 4077 257 4154 rignemirum
273 4079 438 4160 scriptorem
453 4101 543 4162 nego,
559 4105 574 4140 u
595 4094 664 4144 caet.
681 4082 830 4164 Menagius
846 4081 883 4146 ad
900 4085 1019 4166 Diogen.
1033 4085 1064 4146 L.
1078 4084 1133 4166 lX,
