2924 4820
302 359 363 427 176
710 380 748 421 mr
770 379 960 422 xunornaurs

296 545 447 606 naturae
483 529 706 626 eandemque
738 529 914 600 infinitam
949 529 1101 619 faceret,
1131 527 1309 625 quomodo
1342 527 1375 598 is

296 640 471 710 infinitam
496 661 568 708 esse
592 635 811 708 mundorum
835 633 1106 706 multitudinem
1133 635 1252 730 potuit
1278 632 1377 704 arbi·

297 741 413 816 trari?
433 741 529 835 Quos
547 766 629 815 vero
661 739 879 812 intellexerit
903 739 1087 811 mundos?
1106 740 1166 810 An
1194 737 1303 810 solem
1334 749 1377 810 et

295 847 440 922 sidera?
462 852 511 918 Ea
533 845 666 918 scilicet
695 871 788 942 quae
811 859 926 918 terrae
950 847 1127 942 marisque
1151 844 1267 916 halitu
1288 870 1375 942 pro-

292 967 435 1045 creata,
460 977 580 1049 neque
601 950 717 1022 stabili
742 951 917 1048 firmaque
942 965 1071 1023 natura
1088 963 1247 1023 constare
1265 963 1375 1047 puta-

295 1060 379 1133 bat?
392 1061 452 1131 An
468 1059 651 1130 infinitum
665 1057 886 1129 mundorum
899 1083 1096 1130 numerum
1110 1069 1232 1128 mente
1249 1058 1374 1147 fiuxit,

294 1194 384 1266 quos
407 1167 519 1240 oculis
539 1191 612 1248 non
630 1164 943 1262 adspectaremus'?
966 1167 1015 1237 At
1039 1166 1077 1237 id
1100 1192 1120 1236 a
1143 1164 1377 1262 Xenophanis

295 1279 431 1349 ratione
456 1275 642 1362 abhorret,
661 1275 726 1372 qui
750 1286 881 1346 terram
906 1277 1013 1346 totius
1038 1274 1166 1346 mundi
1190 1275 1375 1346 omnium-

295 1409 367 1482 que
385 1408 507 1456 rerum
528 1382 736 1480 genitricem
760 1381 932 1472 faciebat,
959 1394 996 1452 et
1020 1383 1060 1450 iu
1084 1379 1287 1478 quaerenda
1308 1405 1375 1451 na-

295 1501 376 1561 tura
401 1488 445 1559 ad
471 1486 662 1558 oculorum
686 1511 829 1558 sensum
856 1489 974 1558 omnia
1004 1486 1188 1558 referebat.

343 1596 381 1664 Si
406 1587 526 1691 placiti
552 1593 663 1686 hujus
688 1593 877 1664 auctoritas
900 1605 1096 1690 quaeratur
1109 1619 1167 1684 ea,
1195 1592 1377 1664 seriorum

294 1703 495 1775 testimonio
511 1701 656 1791 nititur,
670 1699 784 1773 veluti
807 1701 962 1790 Stobaei,
989 1703 1054 1798 qui
1077 1701 1273 1772 sententiae
1291 1703 1377 1794 ejus

293 1821 454 1880 auctores
467 1832 702 1896 enumerans,
720 1805 1030 1890 Anaximandrum
1043 1859 1057 1892 ,
1083 1805 1373 1898 Anaximenem,

293 1913 530 2004 Archelaum,
554 1913 830 2010 Xenophanem,
844 1914 1039 2012 Diogenem
1051 1912 1373 2010 (Apolloniatem),

293 2023 549 2119 Leucippum,
580 2021 855 2105 Democritum,
888 2021 1114 2118 Epicurum,
1149 2019 1187 2090 bi
1217 2045 1374 2110 omnes,

293 2129 437 2227 inquit,
464 2139 630 2198 statuunt
658 2135 770 2223 ἀπεῖρκς
795 2137 912 2218 adoptare
947 2133 975 2196 ἐν
1003 2129 1045 2222 τῷ
1073 2138 1180 2224 ciuet'ptp
1207 2137 1283 2198 κατὰ
1311 2146 1374 2198 πᾶ-

291 2266 347 2306 σαν
374 2244 556 2331 περιαγωγὴν
583 2231 618 2302 ⁸⁵.
647 2233 766 2326 Quam
801 2225 1033 2331 negligenter
1051 2233 1139 2306 haec
1172 2262 1191 2306 a
1219 2233 1374 2306 Stohaeo

292 2341 402 2416 relata
434 2343 527 2432 sint,
555 2343 629 2436 jam
659 2367 703 2412 ex
731 2366 772 2412 eo
789 2353 908 2438 patet,
935 2341 1032 2438 quod
1058 2341 1150 2413 illud
1175 2351 1250 2412 κατὰ
1280 2372 1374 2440 περι-

267 2459 408 2544 .αγωγὴν
434 2449 542 2521 unice
564 2448 752 2522 conveniat
776 2449 815 2518 in
838 2448 1083 2520 Democritum
1109 2453 1260 2545 ejusque
1283 2451 1374 2521 doc·

293 2559 407 2629 trinae
432 2554 617 2647 aemulos,
646 2556 710 2653 qui
741 2567 941 2626 atomorum
969 2555 1189 2627 circumactu
1216 2557 1375 2629 mundos

292 2662 382 2734 effici
395 2661 606 2750 censebant3
625 2688 643 2732 a
663 2661 885 2756 Xenophanis
898 2661 1083 2758 opinione,
1098 2662 1162 2758 qui
1187 2661 1373 2734 mundum

291 2766 409 2838 stabili
432 2767 666 2838 fundamento
693 2768 930 2838 constitutum
958 2793 1025 2840 nec
1055 2766 1236 2866 globosum
1264 2780 1372 2864 puta-

163 2961 165 2964 ·
291 2873 369 2964 bat,
405 2898 547 2970 prorsus
574 2871 735 2943 alienum
773 2885 835 2943 est.
866 2873 1038 2966 Accedit,
1079 2875 1176 2972 quod
1215 2877 1253 2944 in
1283 2901 1372 2946 auc-

290 2979 426 3053 toribus
438 2979 549 3074 hujus
562 2977 682 3076 placiti
695 2979 930 3052 memorandis
943 3007 1015 3051 non
1029 2981 1258 3054 conveniunt.
1274 2979 1372 3052 Cum

291 3086 441 3160 Stobaeo
470 3087 626 3159 concinit
655 3085 927 3180 theodoretus,
957 3087 1174 3159 dissentiunt
1205 3085 1372 3159 Galenus

291 3207 328 3267 et
344 3192 576 3282 Plutarchus,
603 3192 667 3290 qui
695 3192 922 3290 Xenophanis
937 3193 1078 3265 nullam
1106 3195 1243 3266 faciunt
1266 3219 1372 3265 men-

290 3301 425 3374 tionem
451 3299 486 3370 ⁸⁶.
513 3301 687 3398 Diogenes
717 3300 877 3372 Laertius
907 3313 1028 3384 tamen
1060 3301 1157 3374 idem
1193 3299 1371 3399 placitum

289 3407 323 3479 ei
350 3405 489 3478 tribuit.

331 3607 393 3689 (85)
414 3605 548 3667 Stobaeus
570 3607 584 3666 l
594 3650 605 3678 ,
626 3628 686 3689 cap.
709 3609 769 3682 23,
791 3630 818 3689 p.
841 3608 911 3692 496.
928 3609 984 3669 Pro
1006 3608 1179 3691 capre-soff
1202 3609 1370 3671 Plutarchus

288 3712 316 3761 et
337 3699 471 3761 Stobaeus
492 3697 596 3758 habeut
614 3699 774 3781 περίεισιν,
794 3701 867 3779 quod
887 3703 1011 3782 praefert
1030 3705 1182 3763 Heerenus.

330 3795 395 3877 (86)
417 3795 586 3857 Theodoret.
613 3797 733 3880 Therap.
759 3819 840 3858 serm.
869 3799 931 3871 IV,
951 3823 980 3882 p.
1002 3800 1057 3876 58,
1082 3803 1129 3878 qui
1153 3799 1220 3858 haec
1247 3799 1282 3858 ab
1304 3798 1371 3860 aliis

290 3887 537 3966 compilatoribus,
558 3887 658 3948 iisdem
679 3911 748 3968 quos
768 3890 903 3950 Stobaeus
925 3905 1034 3951 secutus
1054 3891 1185 3964 videtur,
1209 3887 1370 3962 desumsit,

289 3977 374 4036 veluti
391 3977 561 4060 Porphyrio,
578 3982 668 4056 Aetio,
681 3981 780 4056 aliove,
798 4003 867 4060 quos
883 3984 943 4062 ipse
958 3985 1083 4044 nominat
1097 3991 1245 4042 auctores.
1265 3980 1369 4041 Galen.

290 4069 496 4152 oap.X1.init.
514 4073 655 4134 Plutarch.
676 4075 748 4156 plac.
767 4074 836 4157 phil.
856 4075 903 4150 11,
928 4097 953 4136 ι.
