2966 4824
563 359 803 436 rmnosornrr.

143 583 248 650 mus,
272 545 455 654 apparebit
476 553 694 652 Simplicium
718 579 790 628 non
816 555 1028 653 significare,
1054 581 1117 629 ens
1144 581 1218 629 esse

142 675 414 770 terminatum,'
430 675 490 750 sed
515 673 694 748 immobile
715 701 790 748 esse
815 688 851 749 et
872 690 1036 750 constans
1053 693 1089 752 et
1117 679 1220 754 certis

141 813 295 872 naturae
320 825 405 873 suae
425 795 561 898 legibus
583 796 798 870 adstrictum.
848 796 1218 893 Concedaturtamen,

141 945 231 994 eum
249 946 314 994 ens
331 921 574 1020 πεπερασμένον
593 919 769 1010 statuisse,
786 917 952 992 modone
973 919 1097 994 eodem
1111 947 1219 995 sensu

137 1069 217 1141 quo
243 1025 656 1134 intellexit'Aristoteles3
686 1039 746 1114 ille
775 1040 908 1140 poetico
933 1041 1086 1142 imagine
1097 1041 1218 1116 ndum-

140 1163 279 1259 brevit,
307 1163 408 1265 quod
438 1164 495 1237 hic
529 1161 652 1239 subtili
672 1161 892 1236 'delinitione
926 1163 1107 1261 expressit.

636 1339 735 1494 ςιι.Ι
829 1333 831 1340 ¹

188 1653 270 1729 Non
297 1655 456 1730 alienum
477 1656 535 1728 hic
557 1654 704 1731 videtur
724 1677 809 1726 cum
832 1628 1052 1727 Permenidis
1078 1668 1216 1728 senten-

138 1777 187 1848 tia
207 1775 423 1849 contendere
438 1775 637 1868 Melissum,
650 1801 762 1875 quem
777 1773 981 1850 Aristoteles
995 1775 1079 1850 dicit
1091 1781 1216 1852 ”contra

136 1913 249 1999 atque
275 1897 380 1972 illum
411 1913 590 1992 statuere,
618 1895 854 1974 infinitum
885 1901 935 1996 (τὸ
965 1901 1106 1999 ἄπειρον)
1141 1927 1216 1977 esse

136 2033 273 2114 ‚totum3
300 2019 404 2120 cnjus
436 2020 644 2095 auctoritate
665 2021 764 2096 ducti
786 2021 949 2122 plerique
976 2022 1085 2121 vulgo
1107 2049 1216 2120 prae·

135 2140 312 2235 dicarunt,
326 2142 480 2218 alterum
492 2145 635 2218 linitum
646 2133 812 2219 'statuisse
827 2144 1051 2233 universum,
1062 2143 1216 2218 alterum
1323 2175 1328 2183 ·

131 2263 329 2338 inlinitum.
380 2264 509 2350 Melissi
521 2266 644 2360 verba,
659 2267 697 2339 in
717 2291 811 2366 quae
826 2264 1018 2338 Aristotelis
1036 2266 1216 2365 interpre-

133 2385 223 2460 tatio
241 2385 410 2486 quadrot,
440 2389 648 2464 memoravit
668 2386 870 2487 Simplicius
885 2396 965 2480 ¹⁰²3
986 2399 1072 2460 sunt
1092 2401 1215 2460 autem

135 2505 240 2580 hoec:
265 2509 292 2582 el
306 2506 341 2586 ll
354 2511 484 2608 liri-spor
501 2509 554 2607 (πὸ
567 2506 649 2610 ἐόν),
668 2507 702 2585 ἕν
713 2508 752 2609 (i.
768 2534 800 2582 e.
816 2507 889 2585 ’ὅλον
902 2507 1017 2606 ἒππ)ν)·
1033 2509 1060 2582 εἶ
1074 2509 1144 2608 γαρ
1157 2506 1214 2584 δύο

135 2626 203 2723 din,
224 2633 282 2706 orire
299 2627 340 2706 ἂν
356 2629 485 2708 δύναντο
507 2632 628 2731 ν’νὶπενρα
639 2627 738 2725 εἶναι,
755 2631 833 2708 tm
846 2630 925 2736 ἐ’χνν
942 2627 982 2707 ἂν
994 2631 1125 2729 πέρατα
1136 2633 1214 2730 πρὶν
1253 2669 1255 2674 ·

134 2753 272 2842 ἄλληλα
290 2777 298 2792 ·
320 2753 451 2852 ἄπειρον
467 2751 555 2831 lert
570 2751 619 2831 ἑόν
633 2777 641 2794 ·
655 2756 713 2830 οὐκ
726 2753 792 2852 ἄρα
803 2754 904 2828 πλείω
917 2751 1071 2829 setim
1085 2755 1139 2830 ’ἓν
1149 2755 1215 2853 ἄρα

134 2877 175 2951 πὸ
199 2873 257 2954 ἑόν.
306 2877 343 2948 Si
371 2903 436 2952 ens
458 2877 640 2952 infinitum
668 2892 736 2970 est,
762 2903 883 2951 unum
910 2901 977 2950 seu
997 2891 1113 2952 totum
1138 2903 1213 2952 esse

134 2999 201 3092 ait,
228 2999 524 3103 quoniamquod
542 2995 740 3076 'infinitum
778 3013 846 3092 est,
888 2999 996 3072 nullis
1020 3001 1214 3100 attingatur

131 3121 316 3216 terminis3
334 3123 364 3196 si
382 3149 467 3198 vero
488 3121 651 3196 terminis
672 3124 886 3220 attingatur,
915 3145 988 3194 non
1010 3129 1131 3194 unum
1153 3119 1214 3194 sed

132 3246 208 3321 duo
241 3257 305 3318 aut
328 3245 432 3344 plura
453 3245 541 3320 fore.
589 3245 633 3316 In
656 3241 791 3344 quibus
810 3241 971 3316 Melissus
995 3255 1140 3316 secutus
1161 3257 1214 3316 est

132 3367 320 3469 vulgarem
332 3369 427 3441 illam
441 3381 606 3445 veterum
622 3365 821 3458 notionem,
835 3363 965 3464 limpor
976 3389 1051 3438 esse
1063 3355 1102 3438 οὗ
1114 3361 1214 3460 μηδὲν

133 3494 215 3584 ἐ’ξω,
230 3496 475 3589 πεπερασμένον
491 3501 612 3561 contro
630 3479 712 3564 tate>
722 3487 801 3586 πρὸς
815 3485 919 3585 ἕτερόν
932 3517 965 3563 rr
978 3489 1117 3586 περαίνει
1130 3497 1169 3532 ¹⁰
1178 3495 1214 3581 ³3

132 3639 243 3714 quarn
265 3611 520 3689 vocabulorum
543 3607 790 3683 definitionem
809 3609 1027 3705 Aristoteles,
1045 3623 1089 3682 ut
1109 3607 1213 3682 modo

131 3734 306 3828 vidimus,
326 3733 530 3810 immutavit
546 3741 624 3804 ¹0⁴.
675 3731 733 3836 ¹Ex
754 3729 810 3803 his
825 3743 947 3808 eutem
964 3745 1129 3830 apparet,
1144 3729 1214 3804 dis-

163 3935 239 4003 (roo)
274 3935 382 4006 Simplic.
391 3937 465 4004 Phys.
477 3935 494 3988 s·
507 3951 537 3988 on
549 3939 573 3987 B.

164 4027 241 4092 (103)
277 4027 379 4080 Aristot.
389 4025 465 4095 Phys.
474 4029 521 4088 111,
532 4026 578 4088 el
587 4034 613 4078 et
625 4026 648 4078 6.
659 4025 694 4079 Cl.
708 4043 774 4095 quoe
786 4025 873 4085 notavi
883 4025 909 4075 in
921 4023 1075 4093 Xenophon.
1086 4042 1111 4094 p,
1119 4042 1126 4076 r
1134 4039 1162 4076 rr
1176 4042 1213 4093 sq.
1256 4059 1258 4062 -

165 4118 241 4186 (ιοίι)
274 4119 357 4171 Docet
379 4116 464 4180 enirn,
487 4117 513 4168 id
536 4117 606 4187 quod
627 4123 726 4171 veteres
744 4113 920 4176 inlinitum
936 4114 1116 4186 appellebant,
1139 4114 1212 4166 lini-
