2840 4820
477 385 659 441 nrnrouru.
1068 361 1116 432 07

100 563 137 612 rs.
161 537 191 608 5.
215 541 372 631 αὐχαλέοι,
390 563 523 613 nornen
539 551 733 638 cognatum
755 550 827 612 tam
847 539 984 638 origine
1003 563 1117 638 quam

66 644 282 742 ignificatione
310 669 396 718 cnm
423 645 543 718 verbis
566 647 691 739 αὐχέω,Ι
717 657 909 740 καοχοὶομαι,
934 653 1089 742 γὶονίανί
1099 699 1114 734 ,

65 752 156 848 itaque
168 748 361 850 Hesychius
378 751 470 852 intp.
495 761 602 846 σεμνοί.
630 751 699 824 Ρνο
717 776 759 824 eo
777 755 940 844 αὐχμαλέοι
969 752 1118 830 dederat

66 855 276 948 machonem,
302 859 409 952 cujus
427 858 619 930 auctoritas
640 857 718 930 aliis
736 859 908 960 imposuit
924 885 932 932 :
946 857 1020 932 rid.
1039 857 1116 936 An·

64 975 114 1036 not.
139 964 179 1037 ad
204 965 357 1064 Hesych.
388 963 424 1036 h.
456 990 491 1040 v.
527 964 733 1070 Utrumque
760 964 892 1039 horum
924 967 1119 1045 nominum

63 1069 143 1142 renel
163 1083 306 1144 tantum
331 1073 512 1144 occurrit:
538 1070 695 1146 alterum
719 1071 934 1172 Xenophani
964 1099 986 1146 e
1015 1073 1116 1148 codd.

64 1179 184 1254 retituit
196 1179 553 1280 Schweightiuserus3
571 1179 727 1264 alterum
745 1179 911 1258 Choerilo
925 1180 1119 1258 vindicavit

62 1283 201 1360 llaeclius
212 1285 259 1364 ad
277 1285 435 1364 Choerili
460 1285 585 1388 fragm.
612 1313 649 1386 p.
679 1282 760 1383 744.

93 1451 167 1524 lhid.
190 1456 384 1548 ἀγαλλόμενοι
414 1457 628 1551 εὐπρεπέεσσιν.
658 1451 906 1546 Casaubonus,
934 1465 979 1526 ut
1002 1467 1118 1527 metro

63 1557 244 1652 consuleret,
263 1561 403 1658 scripsit
415 1555 613 1654 ἀγαλλομεν,
634 1585 746 1658 quem
765 1555 877 1634 ceteri
889 1559 1042 1634 editores
1066 1585 1120 1634 se-

62 1665 208 1758 cntisunt3
221 1667 299 1738 cod.
313 1665 386 1738 Pal.
400 1669 564 1760 ἀγαλλομεν
577 1669 653 1740 sine
662 1667 885 1765 apostrophe.
893 1667 990 1740 llaec
998 1678 1121 1740 tamen
1202 1661 1213 1684 ”

61 1769 132 1844 elisio
143 1797 255 1871 quum
270 1775 331 1846 vix
343 1773 490 1846 ferenda
504 1773 686 1866 videatur,
705 1772 1010 1873 Schweighauser.
1025 1777 1119 1870 conj.

61 1883 191 1974 ἀγαλλομεν
214 1907 282 1980 pro
307 1885 473 1978 άγάλλειν,
499 1907 612 1981 quem
636 1882 864 1955 infinitivum
885 1883 1011 1979 jungit
1033 1907 1122 1955 cum

61 1992 258 2084 praecedenti
283 1996 424 2086 αὐχαλέοι
442 2021 452 2087 3
469 1991 538 2066 hoc
553 2005 677 2066 autem
697 2017 805 2066 sensu
824 1992 999 2090 scriptum
1022 2003 1121 2065 certe

61 2113 234 2197 oportuerat
262 2105 483 2200 ἀγάλλεσθαι,
512 2113 556 2176 ut
585 2102 739 2175 Bachius
768 2097 792 2170 l.
818 2095 842 2170 l.
871 2111 1017 2184 monet.¹
1032 2100 1121 2174 Mihi

61 2221 153 2281 antem
181 2207 288 2282 nulla
324 2209 384 2282 hic
429 2208 529 2284 elisio
566 2211 705 2310 requiri
731 2207 902 2300 ridetur,
939 2205 1045 2279 modo
1068 2206 1121 2280 di-

60 2311 232 2415 phthongus
253 2347 279 2387 οι
299 2342 384 2388 cum
399 2318 567 2416 sequenti
587 2347 617 2388 ευ
641 2313 887 2391 confundatur
910 2324 948 2387 et
973 2313 1012 2384 in
1036 2338 1123 2412 pro-

60 2440 231 2512 nuntiando
249 2435 465 2516 obscuretur
482 2440 530 2512 ita
550 2465 558 2510 :
581 2441 770 2536 ἀγαλλόμενα
790 2447 1005 2539 εὐπρεπέεσσιν.
1027 2445 1122 2512 Haec

60 2543 167 2643 figura,
190 2546 358 2646 synizesis
380 2559 527 2639 vocata,
551 2548 694 2646 saepius
719 2551 877 2621 occurrit
899 2549 939 2618 in
964 2545 1121 2620 Homero

59 2648 87 2720 ¹¹·
104 2683 126 2722 ν·
141 2679 210 2754 777
232 2681 240 2724 =

109 2831 217 2920 μέλλω,
238 2807 380 2901 ἠοῖ-οὐδ’
409 2830 458 2920 ἐμὲ
481 2836 603 2922 πάμπαν
627 2828 772 2898 ἀνάλκιδα
795 2833 910 2922 γείνατο
930 2837 1037 2922 μήτηρ.

60 3030 87 3106 ll.
106 3071 131 3136 ρ.
153 3043 226 3148 897Δ

110 3190 328 3330 αβνςοῖῖον
354 3240 409 3310 oa
433 3238 530 3308 ναοο
551 3228 668 3330 Ἀτρέα
691 3237 740 3318 cn
763 3235 884 3321 βονοος.

92 3429 132 3476 vs.
148 3405 182 3483 6.
199 3418 334 3490 ἀσκητοῖς
350 3409 438 3501 ὀδμὴν
452 3405 746 3504 schweighauser
759 3419 796 3480 et
807 3405 969 3482 Dindorf.
985 3405 1118 3482 ecodd.

58 3533 106 3604 pro
130 3516 228 3613 tdp333
260 3515 369 3589 iidem
401 3541 466 3614 pro
502 3525 646 3614 χρίομαοο
677 3526 896 3614 receperunt
920 3512 1121 3588 molliorem

59 3614 185 3694 formam
197 3631 334 3720 χριλοασι.
349 3623 497 3722 Proprie
513 3619 732 3698 vertendum
754 3631 961 3719 :unquentis
974 3621 1123 3694 delibuti

58 3751 196 3810 cocurnlo
221 3739 271 3810 od
293 3739 427 3812 odorem
450 3745 600 3836 puratis.
711 3829 714 3835 Ι
