2924 4820
506 377 720 419 omnesorm.
1097 356 1159 420 193

93 521 158 594 deri
184 546 269 594 eum
301 534 342 614 μὴ
373 541 471 594 πᾶσαν
500 531 664 616 κατάληψιν
696 535 847 620 ἀναιρεῖν,
879 530 956 596 ἀλλὰ
983 536 1033 608 τὴν
1059 531 1160 610 inteo-

92 639 194 718 pwtso'e
223 655 254 696 τε
284 635 334 698 καὶ
355 632 555 718 ἀδιάπτωτον,
589 635 750 702 holcetae
780 631 810 700 δὲ
838 640 889 713 τὴν
919 633 1057 715 διξαςῆν·
1088 646 1163 703 ταῦτα

92 741 140 830 γὰρ
161 739 290 832 ἐμφαίνει
315 742 346 806 τὸ
371 738 486 816 δάκος
508 732 534 806 δ’
564 744 627 808 ἐπὶ
651 754 755 807 πᾶσι
782 745 989 806 τέτυκται·
1016 738 1077 822 dfe
1099 769 1163 836 ιιρι-

92 851 171 934 τήρια)
201 848 360 935 γίγνεσθαι
386 852 463 912 κατὰ
484 856 574 913 τοῦτον
598 849 644 912 τὸν
663 845 784 926 deiude
820 847 924 936 λόγον,
948 840 1018 914 ταῦτ’
1035 853 1096 916 ἐστι’
1116 853 1163 916 τὸν

92 959 128 1016 roi
149 951 274 1034 εἰκότος,
305 951 383 1018 ἀλλὰ
408 959 450 1038 μὴ
474 953 520 1016 τὸν
546 961 592 1018 τοῦ
616 958 718 1042 παγίσι
745 954 878 1039 ἐχόμενον
899 947 962 1042 (h.
989 975 1020 1021 e.
1047 957 1092 1021 τὸν
1114 969 1164 1033 τῆς

92 1055 224 1132 &totoue
240 1050 267 1148 ).
298 1049 383 1149 Ipsa
406 1054 552 1124 nomina
577 1057 764 1144 κατάληψις,
788 1061 867 1126 reri
891 1060 1164 1148 comprehensio,
1223 1069 1229 1087 ²

92 1167 232 1253 κριτήριον,
245 1162 328 1252 λόγος
340 1161 459 1242 δυξας-ὸς
472 1171 510 1230 et
532 1164 741 1250 ἐπιςηρονιιιὸς,
765 1181 861 1256 quae
879 1159 1003 1232 Stoicis
1022 1173 1059 1232 et
1078 1161 1167 1234 Am-

92 1261 226 1334 denicis
250 1263 448 1356 debentur,
472 1264 553 1336 satia
565 1276 724 1362 arguunt
739 1263 944 1338 recentioris
959 1267 1037 1340 aevi
1057 1268 1168 1338 notio

92 1393 164 1460 nes,
182 1393 274 1466 quas
304 1395 352 1442 ns
368 1370 615 1468 suspicabatur
634 1369 784 1468 quidem
809 1370 1037 1468 Xenophanis
1061 1385 1166 1446 netas

94 1471 184 1548 Idem
202 1473 400 1548 dicendum
420 1476 466 1550 de
481 1502 534 1567 eo,
551 1476 650 1574 quod
671 1475 841 1550 nonnulli
859 1478 945 1550 huic
956 1477 1170 1552 tribuerunt

93 1591 136 1662 τὴν
162 1585 403 1674 aetatepost,
446 1589 541 1656 otta
566 1607 667 1678 poree
698 1583 941 1678 comprehendi
963 1585 1052 1660 ⁴sive
1092 1611 1170 1679 eop-
1238 1627 1241 1634 «

23 1721 24 1734 ³
94 1693 178 1758 assei
194 1687 228 1778 ¹⁸,
248 1701 287 1760 et
304 1690 502 1787 principem
518 1715 605 1763 eum
621 1690 794 1765 dixerunt
811 1689 1066 1788 Scepticorum.
1080 1693 1171 1764 Nam

94 1795 247 1888 quamvis
284 1793 331 1867 de
360 1795 527 1868 omnibus
550 1798 658 1868 ctiam
696 1795 804 1868 rebus
826 1797 939 1894 (quod
975 1819 1049 1870 uon
1065 1798 1171 1896 lecit)

95 1898 299 1993 dubitasset,
325 1928 400 1975 non
419 1901 500 1976 idso
516 1905 690 2000 scepticus
705 1914 821 1999 posset
837 1901 985 1993 haberi,
1011 1905 1080 1976 nisi
1104 1906 1173 1978 for-

96 2019 172 2082 tasse
183 2023 221 2082 et
233 2010 276 2102 is,
290 2012 355 2107 qui
367 2011 506 2108 primus
520 2035 623 2082 suem
637 2009 797 2106 eliquam
812 2008 858 2080 de
876 2008 999 2082 divino
1021 2013 1173 2084 numine

96 2113 145 2186 vel
174 2115 221 2187 de
257 2141 383 2188 rerum
421 2117 558 2215 origine
591 2115 805 2188 sententiam
835 2114 996 2207 dixerit,
1040 2115 1174 2189 theolo-

95 2244 150 2318 gus
160 2217 218 2294 vel
226 2220 396 2322 physicus
409 2221 595 2294 habendus
603 2223 659 2292 sit.
674 2220 923 2318 Scepticismus
935 2246 1008 2292 non
1021 2233 1075 2295 est
1092 2223 1173 2294 siin

23 2321 24 2398 l
96 2325 226 2424 pliciter
252 2327 460 2418 dubitatio,
486 2327 548 2402 sed
581 2340 677 2400 carte
706 2326 898 2400 dubitandi
922 2329 1014 2398 ratio
1038 2340 1075 2400 et
1100 2328 1175 2400 dis-

96 2435 245 2530 siphno,
260 2460 358 2532 quae.
380 2433 518 2532 aliquot
541 2433 690 2507 demum
710 2434 887 2508 aetatibus
911 2447 989 2532 post
1013 2445 1089 2506 orta
1111 2439 1174 2507 est.

97 2541 157 2614 Sed
175 2553 263 2614 nata
288 2553 342 2616 est
360 2541 448 2614 haec
465 2542 586 2640 opinio
610 2567 655 2614 ex
678 2565 723 2613 eo
747 2541 971 2640 praesertim,
996 2541 1094 2640 quod
1111 2542 1178 2616 ista
1290 2611 1297 2628 ,

97 2650 301 2747 segnitionis
327 2648 503 2720 dubitatio
526 2660 605 2744 post
626 2649 891 2745 Xenophanem
917 2651 1026 2749 magis
1051 2651 1177 2748 magis.

100 2777 165 2850 que
189 2751 374 2844 invaluit,
400 2754 595 2850 praecipue
619 2754 714 2826 inter
742 2755 957 2852 Megaricos,
982 2755 1048 2853 qui
1075 2755 1178 2828 Elee-

100 2860 167 2932 ticis
179 2861 323 2958 cognati
336 2873 446 2957 atque
461 2860 548 2932 adeo
564 2859 673 2933 iidem
693 2860 805 2934 hahiti
820 2875 906 2934 sunt
922 2873 965 2952 ¹⁹,
991 2874 1028 2936 et
1047 2862 1178 2936 horum

99 2991 307 3040 successores
332 2967 587 3065 Pyrrhonicos,
615 2969 680 3066 qui
712 2968 897 3067 Pyrrhone
920 2981 1065 3042 auctore
1091 2970 1179 3042 item

23 3085 24 3100 ¹
99 3071 199 3148 Eleae
230 3075 442 3172 scepticismi
471 3079 638 3169 jecerunt
675 3075 921 3164 fundamenta.
959 3075 1041 3168 Quo
1078 3075 1180 3150 facile

100 3177 330 3267 factumest,
357 3193 400 3252 ut
427 3181 559 3256 horum
592 3181 766 3254 rationem
795 3182 903 3252 etiem
930 3180 974 3253 ad
1001 3179 1179 3279 antiquio

139 3470 200 3548 (ιὸ)
223 3471 379 3551 Origenes,
395 3471 414 3531 l.
430 3473 449 3530 l.
466 3472 582 3532 leudone
601 3474 658 3555 ejus
682 3471 789 3532 dietum
820 3473 896 3552 quod
923 3471 1083 3546 attulimus,
1105 3467 1180 3532 oleos

105 3556 151 3630 ι’φιι
171 3569 295 3648 πρὸτιτ,
316 3561 520 3636 iurandis·
545 3560 607 3624 ιῖιιιι
626 3562 744 3656 ¹mirem.
766 3561 866 3622 Sextus
887 3559 992 3646 Emplr.
1017 3577 1099 3642 supra
1122 3580 1182 3622 me·

23 3693 24 3738 1
103 3663 239 3726 notetus,
258 3653 333 3726 v11,
357 3655 405 3715 52.

140 3787 204 3870 (19)
227 3785 294 3850 Vid.
316 3787 396 3870 Diog.
416 3787 446 3849 L.
469 3789 516 3865 11,
536 3791 599 3852 ιοό.
613 3793 722 3852 Cicero.
738 3791 852 3867 Quaest.
873 3789 959 3850 head.
980 3787 1035 3864 lv,
1057 3789 1107 3868 4²·
1124 3791 1183 3851 Me·

23 3875 24 3944 l
106 3878 254 3955 garicorum
281 3881 422 3960 principes
444 3879 513 3940 dicit
541 3879 744 3963 Xenophanem
756 3926 764 3955 ,
791 3878 1002 3954 Parmeniden,
1024 3879 1183 3957 Zenonem,

110 3969 269 4049 eosdemque
287 3971 436 4032 Eleaticos.
450 3973 495 4032 cf.
512 3973 655 4055 Spalding.
673 3977 859 4033 Commentis.
880 3971 908 4029 in
930 3965 1053 4032 libellum
1076 3967 1110 4032 dc
1124 3971 1184 4032 Xe·

23 4053 25 4062 ²
109 4057 185 4138 noph.
206 4059 275 4118 Zeu.
297 4073 324 4118 et
345 4061 432 4142 Gorg.
455 4084 483 4144 p.
505 4067 522 4123 3
552 4079 592 4141 sq.
739 4063 741 4070 '

198 4150 226 4220 Ι·
976 4155 1018 4242 ¹4
